2400 3930
71 150 115 214 22
479 147 672 203 IAMBLIOHI

72 310 171 399 μέρος
193 313 255 396 την
278 309 449 395 ἐνέργειαν
468 310 578 394 αὐτῆς,
602 309 686 375 ἀλλὰ
708 318 804 394 κοινῇ
829 312 955 393 διήκειν
977 332 1022 393 φη

72 415 124 483 ἐπὶ
148 418 255 483 πάντα
277 418 317 482 τὰ
336 419 427 499 όυτα,
451 417 509 493 τάς
526 439 561 480 τε
580 415 682 499 ἀρχὰς
699 418 757 493 τὰς
778 417 893 492 κοινὰς
911 426 976 480 τῶν
995 416 1022 480 θλ

72 522 177 609 φησὶν
201 525 306 609 αὐτὴν
325 523 515 589 ἐπισκοπεῖν
537 520 592 588 καὶ
614 518 697 587 κατὰ
715 520 796 605 γένη
815 531 918 587 ταῦτα
940 529 1022 607 θεωρ

72 630 127 696 καὶ
156 633 237 698 κατὰ
265 630 493 706 ἁπλουστύτας
521 628 690 712 ἐπιβολάς,
713 628 834 715 ,ὥσπερ
864 628 884 711 η
914 630 1022 707 όψιςι

46 736 205 821 δόρατοῑς
233 735 416 819 ἐπιβάλλει,
448 736 527 812 τούς
559 759 593 800 τε
620 736 770 800 καθόλου
800 736 923 817 λόγους
952 735 1022 800 πάντ

73 840 179 927 φησὶν
202 841 306 924 αὐτὴν
330 839 510 926 περιέχειν,
542 839 597 907 καὶ
625 842 707 927 πρὸς
735 841 841 930 τούτῳ
865 848 1008 928 θεωρεῖν

72 951 336 1033 διαλογίζεσθαι·
368 952 475 1034 μόνην
508 944 545 1012 δέ
577 945 631 1012 καὶ
663 946 876 1013 ἀνυπόθετον
904 944 991 1014 εἶναι
1018 977 1022 1014 ι

73 1059 216 1141 στημην,
247 1056 302 1120 ἅτε
331 1055 372 1139 δὴ
400 1065 468 1119 τῶν
496 1056 603 1119 όντων
626 1054 761 1119 πάντων
783 1055 841 1130 τὰς
864 1053 968 1139 ἀρχὰς
991 1055 1022 1121 ἀι

74 1165 256 1246 ρίσκουσαν
283 1158 339 1225 καλ
366 1158 442 1246 περὶ
464 1171 532 1225 τῶν
555 1162 687 1226 οἰκείων
711 1159 827 1243 ἑαυτῆς
850 1161 963 1246 ἀρχῶν
987 1165 1022 1227 δε

34 1286 59 1325 ιο
73 1266 177 1350 μένην
214 1268 316 1348 λόγον
354 1267 495 1331 διδόναι.
547 1268 593 1343 εἰς
628 1270 732 1333 καλὸν
763 1269 827 1354 ἄρα
859 1273 1022 1352 συμβαίνε

40 1391 44 1397 ·
73 1374 196 1456 ἔφοδος
227 1380 284 1455 τῆς
316 1381 519 1457 προτροπῆς·
552 1374 583 1436 εί
607 1374 670 1458 γὰρ
699 1382 756 1458 τῆς
781 1376 938 1459 τοιαύτης
967 1393 1022 1461 σοη

74 1478 149 1543 οὔτε
173 1477 443 1565 καθολικυτέραν
463 1479 539 1544 ούτε
562 1478 768 1567 τελειοτέραν
787 1481 865 1546 ούτε
887 1481 1022 1551 κοινοτέ

74 1585 150 1651 ούτε
173 1583 437 1672 αύταρκεστέραν
461 1586 537 1651 οὔτε
561 1586 900 1674 ἀγαθοειδεστέρανῆ
925 1593 1022 1655 καλλί

75 1692 220 1757 δυνατὸν
248 1697 396 1780 λογισμῷ
425 1696 555 1777 λαβεῖν,
587 1695 708 1777 ταύτης
735 1695 891 1779 ἐφίεσθαι
919 1697 982 1781 χρη
1009 1723 1022 1760 τ

35 1814 60 1854 15
75 1796 301 1882 βουλομένους
324 1799 405 1864 κατὰ
429 1803 530 1883 λόγον
553 1798 608 1866 καὶ
631 1809 716 1866 νοῦν
739 1801 963 1886 εὐδαιμονεῖν.

159 1898 215 1969 Ἐν
229 1912 275 1992 τῷ
290 1903 376 1971 τέλει
388 1910 505 1972 τοίνυν
519 1908 602 1992 πρὸς
615 1906 695 1971 αὐτὸ
709 1908 747 1972 τὸ
762 1907 944 1993 ἀκρότατον
958 1911 1022 1974 ἄνει

72 2010 93 2094 η
112 2013 316 2097 παράκλησις
335 2007 402 2080 ὧδέ
416 2035 498 2092 πως·
518 2014 642 2091 ’ὅστις
661 2009 713 2079 ὧν
732 2014 927 2080 ἀναλῦσαι
946 2007 1022 2093 οἷός

72 2117 154 2183 έντι
177 2120 301 2185 πάντα
324 2122 368 2185 τὰ
391 2121 506 2204 γένεα
524 2121 598 2185 ὑπὸ
618 2123 711 2205 μίαν
730 2145 769 2186 τε
792 2119 856 2187 καὶ
873 2123 945 2186 τὰν
964 2122 1022 2188 αύι

72 2223 195 2317 ἀρχὰν
226 2223 290 2289 καὶ
326 2227 445 2290 πάλιν
478 2230 696 2292 συνθεῖναί
722 2250 762 2292 τε
794 2225 858 2293 καλ
890 2245 1016 2315 συυαρ

31 2331 308 2411 τιμήσασθαι,
347 2325 471 2407 οὗτος
509 2333 630 2398 δοκεῖ
663 2357 728 2418 μοι
760 2332 824 2398 καλ
856 2337 1022 2419 σοφύτα

71 2427 168 2516 ἦμεν
200 2430 264 2496 καὶ
295 2435 664 2522 παναλαθέστατος,
702 2442 759 2504 ἔτι
797 2437 837 2505 δέ
869 2439 933 2506 καὶ
964 2451 1022 2506 καλ

39 2587 40 2590 ¹
71 2538 240 2603 σκοπιοὶν
273 2540 500 2625 εὑρηκέναι,
533 2542 595 2629 ἀφ’
618 2539 672 2623 ’ἇς
705 2548 874 2624 δυνατὸς
906 2548 1020 2613 έσσεῖ

70 2646 138 2710 τὸν
179 2647 279 2713 θεὸν
315 2657 580 2727 κατοψεῖσθαι
616 2649 682 2718 καὶ
718 2654 844 2718 πάντα
880 2656 926 2718 τὰ
963 2655 1004 2720 ἐν

71 2757 279 2842 συστοιχίᾳ
315 2753 379 2820 καὶ
415 2754 524 2835 τύξει
560 2764 604 2844 τᾷ
642 2757 779 2823 ἐκείνω
821 2781 1021 2844 κατακεχω

29 2856 211 2942 εεσμένα,
241 2859 306 2926 καὶ
332 2863 479 2928 ταύταν
503 2861 783 2949 ἁρματήλατον
807 2863 903 2929 ὁδὸν
928 2864 1020 2931 ἑκπο

160 3057 200 3106 17.
221 3016 261 3106 24x
275 3047 349 3114 ὅστις
365 3045 407 3106 ’ὧν
427 3085 460 3095 -
479 3051 744 3124 κατακεχυρισμένα
762 3054 921 3111 Perictione
941 3059 1002 3112 1.ο.

158 3231 276 3284 θτοῦτο
299 3230 363 3284 fort.
386 3231 462 3284 recte
485 3231 518 3299 Κ,
541 3231 636 3286 nescio
658 3232 733 3288 unde
755 3234 765 3301 ll
789 3238 803 3286 7
827 3230 941 3358 πρώτην
961 3235 1022 3288 Vite

71 3305 103 3353 17
123 3317 198 3361 οστις
216 3292 280 3388 ων]
287 3301 353 3355 hmo
371 3317 475 3355 novum
494 3319 527 3356 ca
548 3306 580 3356 ut
597 3301 656 3372 (IV)
673 3299 840 3374 mAuv
843 3325 874 3357 ντ
876 3305 938 3359 Κ.
958 3302 1022 3360 τέέ

71 3375 103 3424 19
118 3368 390 3460 συναριθμύσασθαι
400 3371 520 3428 coniecit
567 3375 576 3444 ΙΙ
590 3379 623 3428 21
639 3373 892 3437 παναλαθέστατος
902 3376 984 3431 Gale:
995 3397 1022 3430 πι

68 3440 240 3526 ληθέστατος
258 3441 277 3529 ΙΙ
286 3447 321 3496 24
339 3439 402 3508 τάξι
421 3442 545 3498 Mullach
565 3443 647 3515 (le.
667 3447 713 3515 33)
735 3448 744 3514 Ι]
768 3441 925 3501 έκείνωΚε
946 3443 1022 3502 έκείν

57 3517 96 3564 26
114 3508 226 3566 ταύταν
244 3532 298 3568 ταν
316 3511 350 3585 K
370 3513 467 3573 nescio
487 3515 571 3572 unde.
