2400 3930
159 113 220 177 128
248 184 252 190 Ι
584 109 740 166 εοΗοτιι

243 301 271 355 p.
287 281 338 355 28,
355 282 394 338 19
416 273 468 337 Ἐκ
490 287 543 339 τοῦ
563 273 750 356 Ἀλκιβιάδου
773 284 827 337 τοῦ
850 275 1018 349 Πλάτωνος.

243 389 271 443 p.
288 371 339 446 29,
356 371 395 428 15
417 361 470 426 Ἐκ
492 375 545 428 τοῦ
569 363 591 427 ε’
613 375 672 426 τῶν
695 364 798 444 νόμων
820 372 874 426 τοῦ
896 365 1061 438 Πλάτωνος.

243 478 271 532 p.
288 459 338 534 30,
354 460 448 534 2sqq.
472 453 585 536 γένοιτό
602 449 672 516 ποτε
695 451 745 514 καῖ
766 449 856 531 ἡμᾶς,
879 453 1050 531 φιλοσόφων
1065 448 1144 529 άριίῑε
1189 450 1199 487 '³³

150 540 308 624 Ἰάμβλιχε,
331 543 408 605 οὕτω
432 552 551 623 τιμῆσαι
573 541 628 620 τὴν
642 540 753 621 ’ψυχὴν
775 538 878 620 ἡμῶν,
904 540 956 603 καῖ
979 542 1026 603 διά
1046 538 1148 602 πάντά)ν

127 643 212 694 σιῶν
236 630 413 694 ἐκτεθέντων
431 632 512 710 παρὰ
531 640 586 694 σοῖι
604 629 624 710 ἢ
642 639 701 691 τῶν
718 631 861 691 πλείστων
879 629 915 690 τδι
933 630 1006 711 πρὸς
1023 624 1151 692 τελείνιίῖίν
1192 630 1197 663 ⁷

154 721 246 800 αὐτῆς
268 720 526 799 έπιτηδεάσασθαι.
1196 720 1199 727 ’

241 832 269 887 p.
286 813 370 888 33,3
396 803 460 870 οίον
484 809 516 870 οί
534 808 747 890 παιδαγωγοί.-

241 921 269 975 p.
286 900 371 976 33,5
396 896 427 958 τὸ
450 895 611 977 βέλτιστον]
635 895 667 957 τὸ
690 894 855 975 λογιστικὸν
877 892 972 974 ἡμῶν.

241 1010 269 1064 p.
285 991 370 1065 33,9
395 984 547 1064 τοιαύτην]
572 984 637 1046 άντῖ
658 993 712 1046 τοῦ
735 985 894 1064 βελτίστην.

113 1092 138 1129 10
241 1098 269 1154 p.
285 1079 336 1154 34,
352 1080 425 1154 5sq.
449 1075 492 1135 ὅτι
515 1073 564 1135 καῖ
586 1072 640 1151 την
664 1073 757 1150 φύσιν
780 1070 820 1145 ὡς
842 1072 932 1153 λόγον
954 1069 1020 1133 τινὰ
1042 1064 1164 1151 έχουσοίί

152 1165 295 1243 λαμβάνει
314 1163 364 1224 διὰ
382 1163 413 1224 τὸ
432 1164 528 1224 πάντα
546 1162 620 1242 πρός
638 1185 665 1223 τι
682 1167 780 1223 ποιεῖν
797 1160 848 1222 καῖ
865 1159 953 1232 ἕνεκά
971 1176 1059 1234 τινος·
1076 1160 1161 1220 τοῖτθ
1199 1167 1200 1184 ’

153 1248 184 1309 δὲ
208 1250 257 1310 καὶ
279 1255 405 1335 Γαληνῷ
429 1253 518 1312 δοκεῖ,

240 1361 267 1416 p.
284 1342 335 1417 34,
351 1342 390 1399 22
403 1359 465 1417 sqq.
489 1337 533 1399 ὅτι
555 1335 650 1418 ἕτερός
668 1337 746 1399 ἔστιν
764 1336 780 1400 δ
799 1343 924 1418 θεωρῶν
942 1335 998 1415 τὴν
1017 1331 1154 1398 δικαιοσίκ

151 1451 208 1506 νην
232 1427 282 1487 ῖνα
305 1425 413 1505 μαθὼν
437 1424 558 1508 άρξηται
577 1428 798 1509 δικαιοπραγεῖν
815 1425 866 1488 καί
884 1424 925 1504 μὴ
943 1424 1070 1508 γένηται
1082 1447 1152 1505 περι

112 1532 136 1572 15
150 1515 239 1595 πετης
262 1515 312 1577 καῖ
334 1515 509 1588 ὑπεύθυνος
532 1525 566 1599 τῇ
590 1514 649 1577 άπὸ
668 1524 720 1594 τῆς
742 1515 860 1589 ἀδικίας
884 1516 984 1599 ζημία,
1007 1513 1056 1576 καί
1076 1514 1154 1575 πάλιν

151 1604 246 1686 ἕτερός
264 1605 341 1666 ἔστιν
360 1603 376 1667 δ
390 1611 515 1686 θεωρῶν
529 1604 584 1682 τὴν
599 1603 794 1683 δικαιοσύνην
814 1597 853 1666 δι’
869 1602 992 1683 ἑαυτήν,
1010 1602 1065 1684 οὐχ
1081 1597 1153 1664 ἕνεκά

150 1719 229 1768 τινος
252 1693 343 1756 άλλου
370 1690 432 1774 (καὶ
455 1693 510 1775 γάρ
533 1693 690 1754 καὶτοῦτο
714 1692 794 1765 τέλος
817 1690 894 1753 έστλν
917 1688 937 1771 ἡ
960 1701 1070 1774 γνῶσις
1092 1688 1154 1767 αιἰτδ

150 1781 189 1855 ὡς
217 1784 389 1862 τιμιώτατον
415 1781 465 1843 καὶ
493 1774 747 1863 ὠφελιμώτατον)·
777 1780 825 1842 καῖ
854 1780 897 1842 ὅτι
917 1777 942 1841 ’δ
970 1777 1028 1858 μὲν
1054 1791 1156 1860 πρῶτος

150 1870 291 1950 ἑπόμενος
314 1876 353 1956 τῷ
376 1876 525 1957 πρακτικῷ
549 1869 598 1931 καῖ
615 1868 878 1957 ἀναπιμπλάμενος
897 1867 975 1946 [καί]
996 1878 1050 1950 τῆς
1070 1871 1158 1949 τύχης,

109 1973 136 2013 20
149 1959 199 2021 καὶ
221 1966 350 2022 καλεῖται
372 1960 532 2037 πολιτικός,
556 1956 572 2019 δ
596 1956 628 2019 δὲ
651 1957 786 2036 δεύτερος
804 1957 950 2031 ἀκάλυτος
974 1957 1028 2019 καῖ
1048 1957 1160 2020 ἐλεύθε-
1191 2028 1194 2033 ,

149 2071 210 2130 ρος,
234 2049 283 2110 καὶ
305 2055 434 2110 καλεῖται
457 2046 646 2128 θεωρητικός.

237 2160 266 2214 p.
284 2142 334 2217 34,
351 2143 391 2198 27
416 2136 517 2215 αὐτὸς]
542 2135 630 2208 αὐτὸς
652 2133 668 2196 δ
691 2144 771 2207 νοῦς.

120 2224 124 2230 ’
236 2249 265 2302 p.
281 2230 332 2304 35,
349 2232 366 2286 7
391 2226 429 2284 αἱ
444 2227 567 2303 τίμιοι·
585 2223 636 2285 καί
652 2224 840 2302 Θουκυδίδης
854 2216 885 2305 (Ι
899 2227 951 2303 32,
964 2217 1015 2308 1)·
1037 2221 1104 2304 ’τὴν
1117 2225 1163 2306 γά-

148 2336 195 2388 ριν
218 2309 362 2391 βέβαιον’.

108 2415 134 2454 ετ
236 2423 265 2476 p.
281 2404 332 2478 36,
350 2403 388 2459 15
400 2419 462 2476 sqq.
483 2399 526 2459 ὅτι
544 2398 560 2460 ὁ
580 2402 743 2473 σπουδαῖος
760 2409 794 2484 τῇ
809 2399 880 2484 τάχη
895 2399 952 2462 οὐκ
965 2400 1084 2464 ὑπείκει
1098 2398 1163 2465 οὐδὲ

147 2493 207 2561 τοῖς
229 2493 378 2569 τυχηροῖς·
403 2488 493 2565 δηλοῖ
511 2485 542 2548 δὲ
565 2490 684 2569 Κράτης
705 2486 756 2550 καί
779 2487 931 2569 Διογένης.

236 2601 264 2655 p.
281 2581 331 2656 38,
349 2581 389 2637 14
414 2577 462 2637 δεῖ
480 2576 557 2638 οὕτω
577 2579 731 2651 συντάξαι·
755 2578 939 2658 στοιχείων
962 2575 1001 2640 δὲ
1026 2581 1065 2640 αί
1086 2577 1162 2641 δνο-

148 2694 193 2747 μα
199 2671 215 2742 ζ
219 2668 343 2746 όμεναι
362 2668 544 2746 συλλαβαί.
581 2667 689 2746 τρόπος
707 2667 763 2749 γάρ
778 2665 854 2727 ἐστιν
869 2664 909 2738 ὡς
923 2665 954 2727 τὸ
969 2662 1162 2747 “χασσάμενος

147 2752 324 2837 πολεμίχθη’
348 2751 448 2838 (Hom.
464 2759 492 2814 Δ
507 2759 579 2834 535,
599 2749 662 2838 aL).

107 2862 134 2898 30
236 2869 264 2924 p.
275 2849 373 2924 39,15
384 2843 491 2923 μόνον]
503 2842 597 2906 ἰστέον
612 2844 655 2904 ὅτι
668 2841 687 2922 ἡ
703 2852 755 2905 τοῦ
770 2844 883 2923 μόνον
897 2843 1061 2923 προσθήκη
1073 2843 1162 2918 ἕξισά-

131 2937 206 3007 ζειν
226 2933 301 3015 λέγει
319 2933 369 2994 τὸν
393 2933 487 3011 νόμον
507 2936 547 3016 τῷ
566 2930 695 3012 άρχοντι·
720 2931 792 2994 ὥστε
814 2931 864 2993 καί
887 2929 1162 3014 άντικατηγορεῖται.

236 3047 264 3101 p.
280 3027 331 3102 48,
347 3027 389 3084 20
400 3042 441 3099 sq.
461 3018 706 3100 αίσχυνέσθωσαν
726 3021 758 3081 οί
772 3017 834 3081 κατ’
857 3018 906 3100 ἐμὲ
920 3020 1099 3100 Χριστιανοὶ
1116 3020 1163 3082 τὸν

148 3112 315 3188 φιλόσοφον
334 3108 466 3188 Ἕλληνα
489 3110 638 3189 φλυαρίαν
665 3107 715 3169 καί
742 3114 834 3188 λῆρον
861 3108 897 3170 τὰ
919 3107 1002 3189 παρὰ
1024 3108 1056 3170 τὸ
1081 3114 1162 3187 φιλο-

149 3207 254 3276 σοφεῖν
277 3199 472 3280 λογιζόμενον.
655 3229 657 3233 ·

148 3337 359 3347 Ὠ..-

234 3410 268 3458 17
279 3405 327 3458 καὶ
342 3405 439 3476 τοῦτο]
452 3403 517 3459 fort.
530 3402 621 3476 τούτῳ
636 3405 647 3474 [λ
661 3409 693 3459 18
708 3377 1049 3475 τιμιάῑίιαλάφελιμάἽλ
1065 3409 1098 3458 19
1113 3403 1159 3458 καλ

131 3474 203 3528 ante
222 3476 275 3545 τῆς
293 3476 398 3534 delevi.
