2400 3930
122 141 140 203 Ἱ
144 142 163 206 8
528 139 720 196 IAMBLICHI

209 301 280 368 XV.
303 303 399 367 Μετὰ
421 311 523 367 ταῦτα
547 303 588 386 δη
612 301 786 368 ἀπεικάσαι
806 303 860 367 δεῖ
875 302 1011 388 τοιούτῳ
1027 295 1102 363 πάθεν

120 413 182 494 τὴν
204 409 366 494 ἡμετέραν
390 410 494 492 φύσιν
512 410 664 486 παιδείας
686 431 721 474 τε
743 407 820 493 πέρι
837 405 894 474 καὶ
913 403 1102 474 ἀπαιδευσίαν

123 517 173 583 ίδὲ
191 519 254 602 γάρ
273 517 475 601 ἀνθρώπους
493 508 567 591 οἷον
586 515 623 581 έν
641 520 802 604 καταγείῳ
822 517 950 600 οίκήσει
972 505 1123 597 σπηλαιώλ

123 626 184 708 δει,
208 621 482 708 ἀναπεπταμένην
508 623 591 707 πρὸς
617 625 655 689 τὸ
678 634 750 707 φώς
771 624 833 707 την
856 623 992 688 είσοδον
1013 617 1104 704 ἐχοόση

96 732 253 817 τμακράν
279 731 368 814 παρὰ
394 737 461 794 πᾶν
483 731 521 793 τὸ
544 731 724 813 σπήλαιον,
753 729 789 795 έν
816 729 921 814 ταότη
948 727 983 793 έκ
1006 725 1105 792 παίδων

124 840 223 914 όντας
246 835 283 901 ἐν
302 836 436 919 δεσμοῖς
454 832 508 900 καὶ
526 836 567 900 τά
585 834 684 918 σκέλη
703 833 759 901 καὶ
780 839 860 913 τοὺς
878 833 1029 920 αὐχένας,
1048 832 1105 896 ώσνε

124 942 236 1029 μένειν
255 965 290 1008 τε
309 941 432 1019 αὐτοὺς
450 948 497 1020 είς
514 965 550 1008 τε
567 943 605 1007 τὸ
622 945 775 1029 πρόσθεν
789 945 895 1027 μόνον
915 941 1008 1026 ὁρᾶν,
1026 939 1106 1021 κόκλμ

125 1047 163 1116 δὲ
185 1052 243 1127 τάς
263 1050 410 1134 κεφαλάς
432 1048 497 1114 ὑπὸ
520 1057 581 1123 τοῦ
605 1050 729 1133 δεσμοῦ
751 1047 940 1125 ἀδυνάτους
957 1047 1106 1133 περιάγειν,

125 1168 198 1241 φώς
221 1152 258 1221 δὲ
281 1155 395 1232 αὐτοῖς
416 1155 522 1239 πυρὸς
544 1156 679 1220 ἀνωθεν
702 1153 758 1220 καὶ
774 1157 956 1240 πόρρωθεν
974 1155 1108 1236 καόμενον

89 1289 112 1329 ιο
125 1263 268 1327 όπισθεν
292 1260 413 1342 αὐτῶν,
437 1259 558 1344 μεταξὺ
581 1258 618 1325 δὲ
640 1271 702 1327 τοῦ
724 1263 829 1345 πυρὸς
846 1257 921 1326 καὶ
925 1271 993 1325 τῶν
1014 1261 1108 1340 δεσμν

125 1377 193 1430 τῶν
216 1364 325 1430 έπάνώ
348 1365 439 1448 ὁδόν,
462 1362 540 1450 παρ’
561 1361 654 1449 ἣνί
623 1391 709 1432 εναι
727 1371 851 1452 τειχίον
869 1362 1109 1455 ώκοδομημένον,

127 1473 237 1558 ώσπερ
264 1483 334 1549 τοῖς
360 1478 624 1557 θαυματοποιοῖς
650 1476 715 1558 πρὸ
744 1484 810 1540 τῶν
842 1472 1032 1559 ἀνθρώπων
1053 1465 1123 1552 νρθΙ

126 1603 230 1646 κειται
257 1580 298 1644 τά
324 1580 605 1665 παραφράγματα,
636 1576 770 1665 ὑπὲρ
748 1605 796 1647 ων
823 1581 864 1645 τά
890 1580 1043 1664 θαύματα
1065 1575 1110 1638 διν

127 1688 299 1753 κνόουσιν.
344 1687 391 1751 ἔτι
414 1688 532 1751 τοίνυν
556 1687 617 1772 δρα
639 1689 729 1771 παρὰ
752 1696 851 1753 τοῦτο
874 1688 913 1751 τὸ
936 1687 1054 1771 τειχίον
1071 1671 1111 1763 νώ

88 1818 114 1859 15
129 1816 249 1880 ροντας
267 1794 470 1878 ἀνθρώπους
487 1793 588 1876 σκεύη
607 1815 642 1858 τε
656 1792 881 1859 παντοδαπὰ*
864 1785 1111 1877 υπερέχονταιοῐΙ

128 1903 252 1985 τειχίου
279 1898 335 1966 καὶ
362 1900 563 1986 ἀνδριάντας
589 1897 644 1965 καὶ
671 1900 755 1964 ἀλλα
785 1903 849 1987 ζῷα
876 1899 995 1964 λίθινά
1022 1920 1052 1962 τε
1075 1881 1113 1957 τό

129 2006 246 2086 ξύλινα
272 2004 328 2073 καὶ
349 2016 492 2072 παντοία
510 2004 771 2092 είργασμένα,ο
753 1997 827 2071 ἷοον
851 2007 953 2089 είκός,
980 1991 1114 2084 τοθςμθ

130 2114 399 2199 φθεγγομένους,
426 2117 505 2191 τοὺς
532 2109 570 2178 δὲ
592 2123 755 2197 σιγῶντας
777 2122 845 2177 τών
868 2112 1117 2197 παραφερόντων·

129 2222 190 2303 τὴν
214 2222 256 2304 δὴ
279 2223 404 2286 ἀτοπον
428 2222 540 2285 είκόνα
561 2221 686 2303 ταύτην
704 2216 855 2295 καὶτοὺς
873 2218 1041 2303 δεσμώτας
1059 2207 1120 2278 τοθῖ

90 2350 116 2388 εο
130 2326 274 2402 ἀτόπους
296 2323 357 2402 θές
379 2320 466 2390 εἶναι
489 2325 626 2410 ὁμοίους
647 2326 736 2411 ἡμῖν.
781 2327 860 2402 τοὺς
882 2326 947 2410 γὰρ
970 2321 1123 2389 τοιοότονῖ

130 2441 263 2516 πρῶτον
286 2427 347 2515 μὲν
372 2429 498 2496 ἑαυτῶν
520 2455 556 2495 τε
577 2429 632 2496 καὶ
655 2431 808 2516 ἀλλήλων
832 2437 894 2496 οίει
921 2432 963 2496 ἀν
986 2453 1018 2494 τι
1040 2426 1123 2510 δορί·

118 2536 224 2603 Ὶκε’ναι
247 2538 327 2601 ἀλλο
351 2537 439 2619 πλὴν
461 2538 519 2614 τάς
541 2539 635 2615 σκιάς
657 2539 715 2616 τὰς
736 2537 801 2603 ὑπὸ
824 2546 885 2602 τοῦ
907 2538 1014 2622 πυρὸς
1035 2535 1078 2610 είς
1095 2519 1123 2590 vl

131 2642 200 2712 κατ’
237 2644 374 2731 ἀντικρὺ
410 2642 521 2710 αὐτῶν
558 2652 618 2710 τοῦ
653 2647 818 2727 σπηλαίου
854 2641 1122 2728 προσπιπτούσαί

132 2750 233 2820 οὐδὲν
260 2753 351 2818 ἀλλο.
395 2761 465 2828 πώς
487 2752 565 2836 γάρ,
595 2752 627 2816 εί
647 2750 823 2834 ἀκινήτους
850 2773 888 2834 γε
914 2750 973 2827 τάς
995 2739 1123 2833 κεφαλᾶ

91 2879 117 2920 ετ
132 2860 219 2942 ἔχειν
246 2857 491 2943 ἠναγκασμένοι
519 2853 586 2922 εἷεν
614 2858 670 2922 διδ
698 2859 789 2940 βίους
818 2859 853 2922 τί
878 2851 916 2921 δὲ
942 2865 1012 2922 τών
1038 2868 1123 2940 παρα

132 2963 343 3051 φερομένους
377 2963 418 3029 οὐ
444 2964 567 3030 ταύτὸν
594 2971 707 3042 τοῦτο;
740 2966 775 3028 τί
805 2965 885 3047 μην;
919 2964 951 3028 εί
981 2958 1044 3029 οὖν
1071 2961 1123 3024 διν

133 3069 289 3155 λέγεσθαι
317 3063 387 3136 οἷοί
410 3069 442 3135 τ’
469 3066 536 3136 εἷεν
558 3071 641 3156 πρὸς
669 3070 846 3154 ἀλλήλους,
878 3070 919 3135 οὐ
948 3079 1051 3136 ταῦτα
1076 3066 1123 3150 ἡγ

223 3307 245 3355 1.
265 3321 292 3371 p.
309 3306 383 3370 εει
401 3300 473 3354 Ριιι.
493 3297 574 3355 civit.
590 3281 647 3354 νει
660 3317 687 3368 p.
703 3299 874 3354 τινε-εει
886 3296 914 3352 ο.

132 3429 345 3440 ----.

217 3519 235 3566 3
253 3515 298 3568 me
312 3517 372 3584 1126
391 3512 491 3581 τοῦτο;
509 3515 539 3568 τί
557 3509 627 3582 μήν,
645 3511 736 3567 Goba&
753 3527 788 3564 ex
804 3511 839 3563 92
856 3506 951 3564 τοότοι
971 3505 1033 3577 μάν.
