2400 3930
202 959 405 1033 SOHOLIA
432 959 614 1033 OODIOIS
642 960 938 1034 FLORENTINI

296 1112 336 1167 m
353 1111 542 1167 IAMBHcffl
561 1113 846 1169 Ροοτιατεοισοα

151 1283 181 1338 p.
199 1264 284 1339 7,14
303 1260 447 1339 μηδεμιᾶς
465 1259 536 1338 κτλ]
557 1255 622 1323 οἷον
640 1267 775 1342 Στωικῆς
791 1257 1009 1344 Ἀκαδημιακῆς
1028 1264 1079 1324 καὶ

50 1360 118 1412 τῶν
145 1345 252 1409 ἄλλων.

153 1460 182 1515 p.
199 1443 227 1516 7,
243 1441 285 1500 20
307 1436 521 1522 Πνθαγορικῇ]
546 1436 613 1500 ἀντί
630 1446 683 1501 τοῦ
702 1440 919 1520 αίνιγματώδει,
942 1450 1105 1523 μνσιικῇ·5

56 1525 265 1608 αἰνιγματώδη
287 1525 343 1608 γὰρ
366 1525 415 1588 καί
439 1526 604 1607 σνμβολικδι
622 1527 657 1588 τὰ
674 1528 862 1610 Πυθαγόρου
881 1528 955 1610 πρὸς
973 1527 1079 1610 ἀρετὴν

56 1612 297 1696 παραγγέλματα.
578 1656 583 1676 .

152 1726 182 1781 p.
200 1707 250 1799 12,
266 1707 336 1782 3sq.
361 1695 416 1784 ἐχ8
429 1696 474 1786 (?)
489 1683 583 1784 ἀκροδι
603 1703 652 1765 διὰ
670 1706 783 1766 τούτων
801 1703 896 1765 καὶτὸ
911 1704 1077 1785 τηςδιστρο-

57 1829 165 1909 λονίας
189 1799 206 1906 ί
230 1820 422 1906 (κρίσιμοι)

153 1939 183 1994 p.
200 1920 251 1994 17,
267 1919 307 1976 28
331 1917 373 1990 είς
395 1917 427 1978 τὸ
450 1915 619 1998 ὑπάρχων
641 1914 841 1979 δποστικτέον.
1094 1933 1120 1973 ιο

153 2027 182 2082 p.
200 2007 250 2083 18,
266 2009 339 2082 9sq.
363 2006 404 2079 είς
426 2005 458 2066 τὸ
482 2000 551 2084 μετ’
577 2004 769 2077 αίσθοίσιος
792 2003 989 2067 δποστικτέον.

154 2115 183 2170 p.
200 2096 251 2172 20,
268 2095 307 2153 15
332 2092 479 2170 Ποιεῖται]
505 2091 521 2154 δ
540 2088 688 2174 Ἀρχύτας.

153 2203 182 2258 p.
198 2185 250 2259 21,
267 2186 307 2243 10
318 2201 380 2262 sqq.
403 2179 483 2255 τέλος
505 2190 557 2261 τῆς
578 2191 740 2262 πρακτικῆς
762 2180 866 2262 ἀρετῆς
889 2181 926 2245 οὐ
948 2182 980 2244 τὸ
1003 2204 1080 2243 κατι-

62 2272 128 2332 δεῖν
142 2268 174 2331 τὸ
194 2268 310 2350 ἀγαθὸν
330 2268 428 2344 ἁπλῶς
447 2268 585 2349 οδεωσίν,
603 2269 677 2333 ἀλλὰ
694 2270 726 2332 τὸ
742 2274 920 2352 προσλαβεῖν
939 2271 1011 2334 αὐτὸ
1031 2271 1080 2333 διὰ

63 2367 124 2420 τῶν
149 2356 311 2439 ἐνεργειῶν.
1096 2376 1120 2416 15

153 2469 181 2524 p.
198 2451 249 2525 22,
266 2451 282 2506 1
294 2466 356 2525 sqq.
380 2445 430 2508 καὶ
443 2444 502 2508 ἀπὸ
516 2455 575 2508 τῶν
589 2446 722 2510 ἐνταῦθα
738 2447 978 2531 ἐγγεγραμμένων
992 2447 1008 2509 δ
1022 2459 1080 2510 τῶν

62 2533 153 2596 Μετὰ
171 2534 207 2595 τὰ
224 2535 338 2613 φασικδι
355 2543 409 2598 τοῦ
424 2531 639 2615 Ἀριστοτέλους
658 2536 767 2609 σκοπὸς
786 2535 960 2617 είγνιοστος,
979 2536 1080 2598 καὶτὸ

61 2631 162 2695 κακῶς
184 2621 235 2684 καί
257 2621 383 2702 ἀμαθῶς
405 2625 486 2702 παροί
513 2647 602 2686 τινων
625 2624 796 2704 λεγόμενον,
823 2624 855 2686 τὸ
878 2624 918 2702 μὴ
940 2624 1080 2704 γινώσκε-

62 2717 138 2772 σθαι
154 2719 208 2790 τῆς
221 2713 418 2792 πραγματείας
432 2712 544 2791 ἐκείνης
558 2712 609 2773 τὸν
623 2711 745 2789 σκοπόν,
764 2722 868 2788 σαφῶς
882 2712 1078 2793 ἐλεγχόμενον.

152 2822 183 2877 p.
198 2803 249 2880 25,
266 2806 305 2863 17
318 2822 362 2880 sq.
389 2803 550 2880 σημείωσαι
577 2800 621 2862 ὅτι
647 2797 667 2879 ἡ
695 2799 736 2880 μὴ
765 2797 842 2880 ὄρθι’]
871 2811 930 2861 τῶν
953 2799 1078 2882 ἀγαθῶν
1093 2817 1120 2858 20

62 2896 166 2968 χρῆσις
188 2887 339 2970 κακωτέρα
361 2888 439 2951 ἐστίν
462 2889 627 2970 ἀχρηστίας.

153 2999 183 3054 p.
198 2981 283 3056 26,6
308 2977 343 3039 τὰ
367 2977 485 3041 ἐναντία
508 2977 597 3059 ἔχων]
621 2974 694 3040 ίίνεν
718 2986 774 3040 νοῶ
798 2977 941 3057 δηλονότι.

152 3087 182 3143 p.
198 3069 249 3146 26,
267 3071 306 3129 13
330 3067 416 3146 μείζω
440 3065 554 3149 ἀγαθοί]
579 3070 618 3152 τῷ
641 3065 816 3153 κεκτημένῳ.

152 3175 182 3231 p.
198 3158 249 3234 26,
265 3159 305 3218 26
330 3156 490 3235 σημείῶσαι
509 3155 552 3216 δτι
565 3152 585 3233 ἡ
599 3153 800 3235 ἐμφιλόσοφος
817 3154 958 3234 ἐπιστήμη
974 3153 1011 3216 οὐ
1026 3154 1079 3233 μό-

62 3265 118 3303 νον
141 3243 262 3320 κτητική
286 3243 344 3305 ἐστι
366 3242 417 3305 καί
438 3242 574 3322 ποιητικὴ
597 3253 656 3304 τῶν
679 3243 819 3325 ἀγαθῶν,
842 3243 987 3306 ἀλλὰκαὶ
1010 3266 1078 3324 χρη·
1094 3258 1120 3299 25

60 3325 156 3480 στηκη,
170 3331 305 3410 μάλιστα·
327 3328 348 3412 ἡ
370 3332 426 3415 γδιρ
450 3332 491 3412 μὴ
515 3331 652 3413 χρηστικὴ
672 3332 857 3412 ἀφιλόσοφος
877 3332 927 3394 καὶ
945 3331 1078 3412 ἀπατηλὴ

59 3443 99 3480 κα
155 3419 271 3498 γεννής.
