2400 3930
102 71 114 95 ι
138 113 201 179 116
555 114 745 171 IAMBLICHI

91 284 130 342 ις’
241 277 285 340 To
310 273 347 341 dt
370 276 451 341 αὐτὸ
474 275 693 360 παραγγέλλει
711 275 766 343 καὶ
785 278 866 362 <τὸ>
891 279 1017 365 δμδίφ
1038 285 1162 343 θᾶκον

136 384 184 466 μὴ
218 381 430 466 ἀπόμασσε.
477 382 518 447 οὗ
550 384 614 467 γάρ
643 386 749 468 μόνον
782 383 850 450 ἐπεὶ
883 386 1097 471 καθαρτικὸν
1128 387 1161 450 τὸ

137 489 257 574 δαδίον
288 497 333 577 τῷ
367 491 524 573 ταχίστου
555 487 610 554 καὶ
641 491 798 554 πλείστου
834 491 1038 574 μεθεκτικὸν
1077 486 1159 556 εἶναι

137 598 257 679 πυρός,
286 597 398 682 ὥσπερ
421 597 459 661 τὸ
482 598 664 680 λεγόμενον
687 602 800 679 θεῖον,
826 606 986 681 παραινεῖ
1005 598 1053 681 μὴ
1078 600 1161 682 μιαί-

112 721 211 767 5νειν
235 703 316 767 αὐτὸ
336 702 438 786 φύσει
456 714 611 786 μιασμῶν
630 701 873 785 ἀποσοβητικὸν
891 701 1059 787 ὑπάρχον,
1083 700 1156 788 μηδ’

139 808 379 892 ἀντιμάχεσθαι
416 816 454 892 τῇ
491 817 616 893 φυσικῇ
646 808 886 891 ἐπιτηδειότητι
919 807 1027 874 αὐτοῦ
1061 810 1158 893 μολό-

137 938 241 980 νοντα
264 915 301 978 τὸ
328 918 509 999 μολυσμῶν
532 916 732 997 κωλυτικόν,
758 914 841 979 ἀλλὰ
863 918 991 998 μᾶλλον
1016 916 1063 998 μὴ
1088 919 1156 1000 μίσ-

137 1044 209 1103 γειν
224 1016 308 1105 μηδὲ
325 1028 529 1105 κατακιρνάν
547 1021 587 1085 τά
605 1022 727 1105 σοφίας
746 1021 814 1084 ίδια
832 1029 902 1096 τοῖς
919 1029 979 1104 τῆς
993 1023 1157 1110 -ζωωδίας

138 1128 257 1212 δαδίον
281 1123 343 1210 μὲν
367 1129 431 1212 νάρ
456 1128 511 1192 διά
538 1128 600 1209 την
624 1125 823 1212 εάφέννειαν
846 1128 1036 1214 φιλοσοφίᾳ
1059 1149 1155 1212 παρα·

100 1252 125 1289 ιο
139 1231 306 1314 βέβληται,
329 1239 437 1309 θάκος
461 1230 497 1297 δὲ
522 1234 577 1297 διά
600 1235 662 1315 τὴν
685 1230 918 1317 χαμαιπέτειαν
944 1235 1085 1320 ζφωδίηι.

95 1343 126 1410 ιζ’
230 1338 275 1400 Τὸ
305 1334 342 1401 δὲ
371 1336 613 1424 ἀλεκτρυόνα
643 1339 762 1424 τρέφε
793 1337 877 1423 μέν,
911 1339 961 1423 μὴ
993 1346 1072 1405 θῦε
1103 1339 1198 1405 δέ·146

138 1446 238 1528 μήνη
263 1444 335 1528 γὰρ
360 1441 424 1508 καὶ
448 1443 542 1532 ἡλίφ
565 1443 809 1530 καθιέρωται
832 1447 1059 1531 συμβουλεύει
1082 1447 1156 1531 ἡμῖν

139 1549 340 1634 ὑποτρέφειν
363 1546 419 1614 καὶ
443 1561 686 1633 σωματοποιεϊν
709 1550 762 1616 καὶ
781 1553 824 1636 μὴ
843 1561 996 1637 παρορᾶν
1017 1552 1157 1618 ἀπολλύ-

139 1682 222 1742 μενα
246 1655 301 1722 καὶ
326 1658 592 1740 διαφθειρόμενα
620 1659 659 1720 τά
688 1666 745 1741 τῆς
772 1666 833 1723 τοῦ
855 1662 984 1742 κόσμου
1012 1657 1158 1735 ἑνάσεως

101 1782 126 1822 15
140 1763 194 1830 καὶ
218 1764 439 1849 ἀλληλουχίας
462 1766 670 1848 συμπαθείας
693 1786 728 1828 τε
748 1762 803 1829 καί
823 1766 1011 1848 συμπνοίας
1035 1765 1158 1849 μεγάλα

139 1874 305 1956 τεκμήρια.
358 1871 441 1935 ὥστε
468 1869 644 1957 προτρέπει
676 1880 734 1954 της
764 1878 826 1936 τοῦ
857 1872 981 1948 παντὸς
1013 1874 1158 1957 θεωρίας

139 1976 195 2042 καὶ
215 1979 420 2060 φιλοσοφίας
439 1976 755 2060 ἀντιλαμβάνεσθαι.
796 1974 864 2041 ἐπεὶ
882 1976 946 2061 γὰρ
965 1975 1160 2061 ἀπόκρυφος

141 2086 241 2168 φύσει
260 2084 279 2166 ἡ
300 2081 374 2164 περὶ
389 2092 449 2148 τοῦ
468 2085 592 2159 παντὸς
612 2082 762 2165 ἀλήθεια,
784 2080 839 2147 καὶ
858 2083 1074 2166 δυσθηρατος
1094 2083 1160 2147 ίιια-

142 2202 222 2266 νῶς·
243 2188 378 2272 ζητητέα
398 2186 434 2253 δὲ
449 2190 538 2272 ὅμως
552 2188 721 2276 ἀνθρώπῳ
740 2187 795 2253 καὶ
814 2185 1000 2272 ἐξιχνευτία
1019 2189 1160 2272 μάλιστα

103 2312 128 2350 20
144 2297 198 2358 διὰ
221 2297 433 2378 φιλοσοφίας.
479 2294 535 2357 διά
562 2296 626 2378 νάρ
654 2295 759 2359 ἀλλον
783 2295 873 2370 τινὸς
901 2293 1161 2380 ἐπιτηδεύματος

141 2400 246 2474 οὕτως
270 2398 452 2462 ἀδύνατον·
475 2397 557 2480 αὕτη
583 2395 619 2461 δὲ
643 2401 743 2485 μικρά
765 2423 840 2465 τινα
859 2399 1052 2483 ἐναύσματα
1066 2390 1159 2485 ’παρὰ

141 2513 198 2587 τῆς
221 2503 354 2588 φάσεως
376 2503 594 2586 λαμβάνουσα
616 2502 672 2569 καὶ
692 2503 814 2570 ὡσανεὶ
835 2503 1081 2591 έφοδιαζομένη
1107 2511 1162 2586 ζω-

141 2622 242 2698 πυρεῖ
261 2634 296 2675 τε
321 2609 404 2675 αὐτὰ
426 2607 482 2675 καὶ
500 2611 677 2694 μενεθύνει
702 2609 756 2676 καὶ
776 2598 989 2697 ένερνέστερα
1015 2614 1074 2679 διά
1095 2625 1162 2679 τῶν

141 2713 219 2804 παρ’
254 2718 355 2801 αὐτῆς
390 2718 596 2801 μαθημάτων
634 2717 855 2803 ἀπεργάζεται.
911 2720 1162 2804 φιλοσοφητέον

104 2842 129 2882 τε
142 2826 249 2907 <ἀρα>
274 2823 316 2888 ἀν
340 2829 399 2907 είη.

96 2936 131 3007 ιη’
236 2932 281 2995 Τὸ
302 2927 338 3018 δὲ
363 2927 424 2994 ἐπὶ
446 2933 595 3013 χοίνικι
618 2930 667 3012 μὴ
691 2928 860 3008 καθίζου
880 2933 1162 3016 Πυθαγορικιότε-

143 3063 205 3125 ρον
229 3030 385 3114 ἐκδέξαιτ’
408 3037 450 3100 ἀν
472 3058 522 3111 τις
541 3035 576 3100 ἐκ
595 3046 662 3101 τῶν
681 3035 791 3100 αὐτῶν
809 3046 879 3112 τοῖς
898 3036 1036 3101 ἀνωθεν
1056 3038 1161 3123 ὁρμώ-

142 3183 354 3191 ——--——-——

234 3273 248 3318 1
269 3263 300 3318 τδ
320 3263 430 3319 addidit
447 3263 526 3333 Κ113
545 3263 675 3332 τάχιστον
696 3280 729 3317 ex
747 3280 844 3332 apogr.
865 3262 919 3316 Ciz.
939 3263 1017 3334 ΚΙΙ8
1038 3267 1162 3330 ζωωδιάς

88 3398 89 3401 ¹
148 3335 285 3403 Scaliger:
306 3335 467 3402 ξυνωδίαςΙῙ
483 3340 515 3387 13
535 3330 697 3403 ἐπιτρέφειν
718 3337 746 3389 et
763 3335 900 3402 περιορᾶν
920 3335 964 3402 (cf.
986 3332 1078 3391 Cobet
1097 3336 1159 3390 Obs.

146 3406 182 3458 ad
198 3405 310 3473 Dionys.
325 3406 388 3462 Hal.
403 3423 430 3474 p.
447 3408 490 3474 13)
509 3406 627 3474 requirit
647 3405 744 3461 Vitelli
757 3407 766 3474 ΙΙ
780 3411 813 3459 21
835 3401 921 3468 όντως
945 3408 974 3459 et
993 3412 1027 3461 23
1049 3403 1161 3476 ἐναργέ·

135 3493 224 3543 στερα
240 3473 340 3546 Alit
360 3473 419 3549 ἀρα
438 3476 554 3533 addidit
569 3477 605 3532 K.
