2400 3930
284 190 407 248 IAMBL.
426 191 625 249 PROTREPT.
645 193 847 248 SUMMARIA.
1053 194 1074 259 5

53 351 350 439 ἀντιπαραθέσεως
373 354 643 421 ἐπιδεικνύουσαι
665 357 732 445 δσφ
753 358 795 441 δή
812 380 880 423 τινι
897 355 1030 443 προέχει
1053 358 1074 442 ἡ

51 461 194 543 τοιαύτη
213 458 363 546 ἐνέργεια
375 472 443 526 τῶν
462 463 573 528 ἀλλων
589 472 657 528 τῶν
677 464 870 530 δοκούντων
888 464 1075 549 εὐδοκίμων

54 560 144 632 εἶναι
167 569 260 650 βίων.

10 687 45 739 ῑΕ
144 670 223 738 Ἀπὸ
243 681 301 757 τῆς
318 675 470 752 παιδείας
487 673 543 740 καὶ
562 674 778 753 ἀπαιδευσίας
799 677 820 759 ἡ
838 678 1021 764 προτροπή,
1046 679 1078 742 εί

10 778 44 851 ‚²1.
56 780 94 844 τὸ
118 776 182 864 μὲν
205 778 362 862 μέγιστον
383 792 450 846 τῶν
474 780 623 864 ἀγαθῶνζ
647 783 684 846 τὸ
709 779 746 847 δὲ
765 795 833 848 τῶν
855 795 967 849 κακῶν
986 782 1102 868 με’γι-5

55 902 151 968 στον,
177 887 209 950 εί
228 885 285 951 καὶ
308 886 392 951 αύτά
413 885 451 952 ιε’
471 886 541 952 ἐστι
563 896 700 953 τοιαῦτα
723 887 778 953 καί
801 890 888 953 ἔοικε
909 890 1076 967 τοιούτοις

54 989 147 1056 τισίν
166 989 290 1077 ἑτέροις
307 983 423 1078 οἵαπέρ
443 992 533 1058 ἐστιν
552 993 645 1077 αὐτά,
668 991 724 1058 καὶ
743 994 793 1058 ὅτι
811 999 996 1079 φιλοσοφία
1014 992 1076 1079 μὲν

55 1098 210 1174 παιδείας
233 1096 323 1162 ἐστὶν
346 1097 491 1182 ἡγεμών,
514 1100 551 1164 τὸ
576 1097 613 1164 δὲ
632 1099 787 1165 ἐναντίου
805 1102 958 1186 κατάρχει
981 1100 1077 1166 ἀπαι-

10 1206 13 1261 ἱ
57 1205 203 1280 δευσίας.

10 1322 58 1391 Π
113 1308 256 1375 -Ἄλλαι
284 1312 403 1395 ἔφοδοι
432 1310 495 1375 ἀπὸ
523 1321 584 1377 τοῦ
606 1311 722 1389 τέλους
744 1322 801 1397 τῆς
823 1316 975 1390 παιδείας
997 1336 1077 1399 προ·
1092 1334 1117 1372 10

10 1400 12 1405 ⁵
55 1414 240 1502 τρέπουσαι
263 1416 316 1482 ἐπί
339 1418 401 1500 τὴν
423 1427 566 1503 συγγενῆ
586 1420 669 1502 πρὸς
686 1420 724 1483 τὸ
743 1420 963 1484 παιδεύεσθαι
981 1425 1077 1504 φιλο-

10 1510 14 1551 ¹
57 1526 197 1609 σοφίαν,
210 1524 249 1588 τό
262 1545 297 1589 τε
312 1526 413 1609 ἔργον
427 1523 512 1608 ὁμοῦ
523 1533 581 1609 τῆς
591 1527 794 1610 φιλοσοφίας
808 1524 1078 1591 ἐπιδεικνύουσαι

10 1706 12 1711 Ι
56 1628 113 1694 καί
137 1630 200 1714 τὴν
222 1630 305 1714 ὅλην
326 1630 427 1714 αὐτῆς
450 1630 637 1715 ἐπιμέλειαν
655 1629 730 1717 περὶ
748 1632 806 1709 τάς
829 1631 965 1717 ἀρίστας
988 1630 1078 1717 ἐνερ-

10 1732 13 1795 i
57 1738 151 1820 γείας
176 1745 245 1800 τῶν
266 1744 325 1820 τῆς
347 1745 454 1822 ψυχῆς
478 1737 664 1822 δυνάμεων.

19 1856 46 1921 ΙΖ
144 1840 224 1907 Ἀπὸ
237 1852 306 1908 τῶν
320 1847 470 1908 παλαιῶν
485 1846 596 1927 λόγων
609 1842 747 1909 καὶτῶν
762 1846 861 1931 ίερῶυ
875 1846 997 1929 μύθων
1010 1855 1078 1910 τῶν
1093 1863 1118 1904 15

56 1973 90 2014 τε
116 1949 230 2014 ἀλλων
255 1946 312 2014 καί
333 1959 401 2015 τῶν
424 1955 675 2036 Πυθαγορικῶν
702 1951 905 2035 ὑπομνήσεις
929 1952 976 2027 είς
998 1972 1078 2036 προ-

56 2057 187 2143 τροπὴν
206 2051 258 2121 ἐπὶ
276 2040 343 2121 τὸν1
353 2056 514 2142 σώφρονα
528 2055 584 2122 καὶ
602 2055 738 2142 μέτριον
756 2054 812 2120 καὶ
830 2055 1079 2140 κεκοσμημένον

56 2167 149 2246 βίον·
174 2163 212 2227 αί
233 2160 270 2227 δὲ
293 2160 391 2228 αὐταὶ
413 2163 657 2248 μεταβάλλουσι
677 2163 739 2245 τὴν
759 2162 912 2227 διάνοιαν
929 2161 1024 2245 ἡμῶν
1043 2162 1079 2227 ἐκ

57 2277 119 2334 τοῦ
136 2270 221 2351 πρὸς
239 2270 300 2352 τὴν
314 2268 495 2335 ἀκολασίαν
513 2267 568 2335 καὶ
586 2279 647 2336 τοῦ
667 2271 749 2335 κατὰ
766 2270 829 2352 τὴν
846 2268 975 2353 ἡδονὴν
993 2271 1079 2353 βίον.

30 2386 55 2438 Η
145 2373 226 2440 Ἀπδ
248 2386 317 2440 τῶν
340 2375 489 2461 ἐναργῶς
510 2374 587 2461 περὶ
609 2378 647 2441 τὸ
668 2387 763 2461 σῶμα
786 2375 1001 2461 φαινομένων
1024 2376 1079 2441 τά-
1094 2397 1120 2436 ιο

60 2485 144 2561 ξεων
162 2480 219 2546 καὶ
237 2480 302 2547 ἀπὸ
316 2491 378 2548 τοῦ
394 2480 471 2569 περὶ
485 2482 566 2548 αὐτὸ
585 2486 712 2567 κόσμου
730 2484 813 2548 κατὰ
831 2484 893 2566 τὴν
912 2481 1080 2565 ἀνάλογον

10 2592 12 2603 ⁴
60 2586 242 2674 μετάβασιν
259 2597 316 2672 τῆς
335 2590 486 2666 διανοίας
500 2587 553 2654 ἐπί
567 2591 679 2675 ψυχὴν
694 2592 949 2673 μεταβαίνοντες
965 2589 1080 2653 ποιού-

60 2701 149 2780 μεθα
171 2696 234 2779 τὴν
256 2696 450 2781 προτροπὴν
473 2694 648 2780 γνωρίμως
674 2707 745 2773 τοῖς
767 2695 928 2760 ἀκούουσι
950 2690 1005 2757 καὶ
1027 2714 1080 2757 πι-

10 2816 13 2853 :
60 2807 177 2877 θανῶς
200 2802 257 2865 διδι
278 2802 315 2865 τὸ
339 2800 403 2866 ἀπὸ
426 2812 495 2867 τῶν
518 2801 669 2887 ἐναργῶν
692 2801 798 2883 αὐτὴν
821 2797 982 2885 προϊέναι.

10 2905 14 2940 ³
36 2912 54 2966 δ
146 2903 226 2971 Ἀπὸ
249 2917 318 2971 τῶν
341 2907 378 2973 ἐν
401 2915 440 2993 τῇ
463 2915 553 2992 ψυχῇ
573 2906 713 2991 ἀγαθῶν
732 2908 856 2992 ἔφοδος
875 2908 921 2983 είς
939 2927 1080 2992 προτρο-
1095 2923 1121 2964 25

60 3014 127 3098 πὴν
154 3012 200 3089 ὡς
227 3014 336 3078 ὄντων
362 3011 576 3098 κυριωτάτων
600 3013 646 3088 είς
669 3012 904 3097 εὐδαιμονίαν,
934 3010 989 3076 καί
1017 3012 1080 3076 ἀπὸ

10 3180 13 3189 ,
60 3131 128 3186 τῶν
152 3118 281 3205 ἀρετῶν
304 3119 348 3196 ὡς
367 3118 541 3204 αὐτάρκων
559 3118 782 3204 ὑπαρχουσῶν
800 3119 883 3204 πρὸς
901 3118 961 3182 τὸυ
979 3118 1081 3202 μακά-
1153 3138 1154 3141 ’

12 3276 19 3297 ι
60 3250 136 3312 ριον
162 3227 240 3309 βίον
262 3224 283 3308 ἡ
308 3223 406 3309 ὁμοία
429 3226 643 3310 παράκλησις.

133 3424 169 3474 12
183 3397 217 3472 τό
231 3437 260 3472 τε
271 3417 320 3473 fol
331 3420 403 3473 aab:
418 3438 450 3473 το
461 3437 490 3472 τε
502 3419 592 3488 γαρλ]
602 3419 621 3474 l.
636 3419 646 3486 ΙΙ
660 3423 694 3472 16
705 3435 744 3486 sq
756 3437 812 3471 των
794 3417 912 3501 τε]
876 3438 931 3472 των
942 3435 996 3474 om
1007 3419 1034 3473 h
1046 3419 1062 3472 l
1074 3417 1083 3488 Η

59 3499 93 3547 16
107 3492 248 3576 πυθαγο
232 3490 363 3578 ρείωνρ.
380 3494 441 3556 246,
453 3487 593 3544 13Kiessl.
613 3491 675 3560 [118
687 3507 725 3557 sq
745 3483 826 3556 ἡμῶν
845 3485 915 3557 πρὸς
934 3486 985 3578 τὴν
1004 3485 1083 3543 ἀκολ.

56 3557 149 3619 καί
118 3580 173 3618 τον
183 3580 257 3615 κατα
267 3579 319 3630 την
328 3562 373 3629 ηδ.
385 3562 484 3634 βίονί]
492 3561 511 3616 l.
521 3559 530 3632 Η
541 3566 574 3614 23
585 3561 771 3664 γνωρίμοιςὶ]
780 3559 798 3614 l.
808 3559 818 3631 Ιλ
829 3564 863 3614 24
873 3559 1055 3627 προοιέναιίι.
1062 3558 1083 3612 l
