2400 3930
38 92 47 289 ρ
347 110 618 168 PROTREPTICUS
637 112 790 182 (σευ).
1032 111 1074 176 57

38 294 45 351 η
88 273 133 338 τὸν
147 276 356 340 καθεύδοντα
374 272 536 358 λέγοντες,
561 273 605 350 ὡς
628 272 740 360 ἔοικε),
765 275 869 358 δῆλον
886 274 938 339 ὅτι
960 270 1015 339 καὶ
1037 275 1075 338 τὸ

38 428 44 457 ·.
89 380 131 460 ζῆν
146 380 365 464 ἀκολουθήσει
384 381 501 456 διττῶς
518 380 712 463 λεγόμενον·
736 375 874 463 τὸνμὲν
897 380 960 465 γάρ
981 378 1076 465 ἐγρη-

40 478 46 581 ἰ
89 489 185 568 γορότα
208 485 333 572 φατέον
358 489 415 570 ζῆν
438 485 572 570 ἀληθῶς
590 483 646 550 καλ
664 488 796 570 κυρίως,
820 485 879 549 τὸν
899 479 936 549 δὲ
953 486 1076 550 καθεύ-

40 584 45 625 '²
90 589 169 659 δοντα
194 594 250 658 διὰ
276 595 314 659 τὸ
342 593 511 658 δύνασθαι
538 591 754 675 μεταβάλλειν
784 592 832 668 εἰς
862 591 986 675 ταύτην
1014 592 1075 674 τὴν

61 698 206 783 ἱείνησιν,
225 693 304 763 καθ’
320 698 364 781 ἣν
377 695 518 782 λέγομεν
532 696 750 783 ἐγρηγορέναι
764 719 798 762 τε
816 694 872 763 καὶ
885 708 953 762 τῶν
971 717 1103 782 πραγσ

89 803 177 882 μάταν
206 805 436 871 αἰσθάνεσθαί
459 828 557 881 τινος.
604 805 660 868 διὰ
691 812 789 869 τοῦτο
817 801 874 869 καὶ
903 805 950 880 εἰς
977 813 1075 868 τοῦτο

50 898 64 925 ”
89 907 249 996 βλέποντες,
273 912 355 977 ὅταν
376 907 438 977 οὖν
456 909 594 996 λέγηταί
608 934 640 975 τι
658 910 780 976 ταύτὸν
799 908 953 995 ἑκάτερον
977 911 1076 976 δυοῖν

89 1010 188 1100 ὑντοιν,
210 1009 233 1102 ᾗ
256 1014 293 1083 δὲ
315 1017 461 1102 θάτερον
482 1018 662 1100 λεγόμενον
681 1014 702 1099 ἣ
720 1015 759 1079 τὸ
782 1025 890 1079 ποιεῖν
913 1014 934 1099 ἢ
955 1016 992 1080 τὸ
1015 1015 1075 1080 πά-

90 1132 168 1204 σχειν,
189 1123 296 1211 τούτῳ
317 1127 443 1207 μᾶλλον
463 1121 680 1206 ἀποδώσομεν
698 1121 858 1206 ὑπάρχειν
881 1123 918 1186 τὸ
942 1119 1074 1205 λεχθέν,

89 1213 144 1290 άον
166 1228 363 1295 ἐπίστασθαι
390 1225 452 1312 μὲν
479 1233 606 1312 μᾶλλον
632 1228 692 1293 τὸν
718 1229 892 1314 χρώμενον
925 1237 985 1295 τοῦ
1013 1228 1075 1311 την
1090 1251 1117 1290 ιο

89 1324 246 1419 ἐπιστήμην
277 1337 426 1421 ἔχοντος,
458 1320 542 1420 ὁρᾶν
574 1331 611 1400 δὲ
643 1336 702 1400 τὸν
731 1336 983 1420 προσβάλλοντα
1014 1335 1075 1418 την

89 1431 149 1510 ὑηιν
171 1448 231 1505 τοῦ
259 1438 450 1526 δυναμένου
471 1440 703 1526 προσβάλλειν.
749 1440 790 1506 οὐ
816 1441 880 1524 γάρ
908 1443 1014 1525 μόνον
1037 1441 1074 1504 τὸ

89 1545 190 1618 μᾶλλον
217 1544 357 1631 λέγομεν
383 1542 462 1611 καθ’
493 1546 660 1632 ὑπεροχὴν
688 1541 736 1611 ὧν
768 1545 811 1610 διν
842 1539 889 1622 εἷς
916 1537 937 1631 ᾗ
965 1547 1075 1628 λόγος,

89 1641 151 1712 ἀλλὰ
169 1649 224 1718 καλ
246 1654 328 1717 κατὰ
350 1653 387 1717 τὸ
410 1653 574 1737 πρότερον
597 1647 740 1717 εἶναιτὸ
765 1649 802 1717 δὲ
824 1652 978 1737 ὕστερον,
1002 1644 1076 1718 οἷον

88 1749 133 1832 τὴν
150 1755 265 1840 ὑγείαν
286 1769 354 1823 τῶν
371 1758 530 1842 ὑγιεινῶν
548 1762 675 1842 μᾶλλον
694 1759 825 1841 άγαθὸν
844 1753 934 1824 εἷναί
954 1782 1075 1843 φαμεν,
1090 1778 1117 1820 ιι

62 1855 128 1922 Δλαὶ
149 1865 183 1928 τδ
209 1860 288 1929 καθ’
315 1863 396 1929 αὑτὸ
423 1864 485 1948 την
513 1865 617 1948 φύσιν
644 1865 777 1950 αἱρετὸν
804 1873 865 1929 τοῦ
892 1872 1075 1947 ποιητικοῦ.

62 1965 171 2033 Κκαίτοι
191 1972 251 2034 τόν
273 1994 311 2053 γε
330 1972 433 2054 λόγον
451 1969 579 2057 δρῶμεν
598 1971 643 2048 ὡς
661 1970 721 2054 οὑχ
744 1961 766 2055 ᾗ
786 1970 855 2035 ἐστι
873 1971 1075 2054 κατηγορού-
1118 1996 1120 2001 ·

87 2085 162 2151 λὸνος
184 2075 326 2161 άμφοῑν,
349 2077 400 2141 ὅτι
423 2075 555 2161 άγαθδν
582 2075 737 2161 ἑκάτερον
764 2075 821 2141 ἐπί
839 2096 875 2139 τε
897 2084 965 2139 τῶν
980 2073 1075 2157 ὠφε-

40 2118 48 2255 ,δ
86 2171 170 2257 δέμον
196 2179 252 2247 καὶ
279 2191 336 2264 τῆς
363 2181 488 2267 ἀρετῆς.
533 2180 588 2246 καλ
617 2185 674 2265 ζῆν
701 2183 766 2264 άρα
795 2186 922 2265 μᾶλλον
950 2179 1075 2264 φατέον

41 2278 43 2287 ’
85 2276 130 2344 τὸν
148 2285 348 2374 ἐγρηγορότα
375 2296 436 2352 τοῦ
458 2288 686 2365 καθεύδοντος
714 2285 768 2352 καλ
791 2289 851 2353 τὸν
874 2287 1075 2371 ἐνεργοῦντα
1089 2309 1117 2350 νο

85 2389 114 2465 'fl
132 2401 214 2479 ψυχῇ
236 2402 297 2459 τοῦ
320 2396 426 2478 μόνον
447 2395 593 2478 ἔχοντος·
618 2395 674 2460 διδι
695 2395 760 2480 γάρ
779 2394 908 2460 ἐκεῖνον
926 2392 982 2460 καὶ
999 2403 1076 2460 τοῦ·

85 2505 130 2556 λον
146 2503 200 2584 ζῆν
218 2523 339 2586 φαμεν,
358 2499 409 2565 ὅτι
427 2502 578 2577 τοιοῦτός
596 2499 686 2565 ἐστιν
705 2493 776 2577 οἷος
794 2499 919 2578 ἐκεῖνος
937 2501 1076 2587 πάσχειν

85 2586 99 2672 ὑ
121 2616 228 2673 ποιεῖν.
275 2606 399 2671 οὐκοῦν
425 2608 464 2671 τό
490 2629 528 2690 γε
550 2614 696 2692 χρῆσθαι
725 2605 824 2671 παντὶ
853 2603 942 2671 τοῦτ’
974 2605 1074 2689 ἐστίν,

82 2692 148 2772 ὅταν
168 2714 204 2776 ελ.
219 2709 281 2797 μὲν
304 2711 379 2789 ἑνὸς
400 2712 422 2795 ἡ
446 2712 587 2798 δύναμίς
610 2713 694 2796 ἐστι,
722 2721 820 2777 τοῦτο
844 2711 925 2777 αὐτὸ
948 2712 1074 2797 πράττη

84 2821 131 2892 ῑλς,
150 2817 179 2880 εἰ
194 2814 232 2883 δὲ
249 2820 415 2883 πλειόνων
433 2819 493 2883 τὸν
512 2817 668 2903 ἀριθμόν,
692 2817 710 2881 δ
730 2816 772 2882 δν
790 2819 919 2884 τούτων
939 2820 977 2883 τὸ
1001 2816 1074 2902 βέλ-
1089 2836 1116 2878 νε

84 2926 187 3006 τιθτον,
211 2916 285 2989 οἷον
308 2923 433 3006 αὐλοῖς,
456 2925 530 3006 ἢτοι
553 2926 658 3009 μόνον
682 2924 762 2989 ὅταν
784 2923 869 3009 αὐλῇ
891 2928 1012 3010 χρῆταί
1024 2947 1075 3001 τις

84 3007 265 3103 ὑμάλιστα·
299 3036 377 3107 ἴσως
403 3031 467 3116 γὰρ
496 3028 549 3095 έπλ
576 3031 682 3118 τούτῳ
711 3028 767 3095 καὶ
794 3031 834 3095 τά
860 3041 927 3095 τῶν
954 3032 1073 3096 ἄλλων.

84 3149 276 3182 &-

157 3259 171 3308 8
188 3253 251 3324 ἢτὸ
266 3257 414 3325 utrobique
425 3260 462 3312 A:
478 3251 495 3326 ἢ
510 3259 546 3311 τῶ
561 3260 571 3326 ΙΙ
586 3263 620 3311 14
635 3255 706 3311 κατὰ
722 3254 752 3310 τὸ
767 3254 820 3329 <τὸ
835 3256 909 3344 pm}
923 3261 1074 3327 exspectes,

86 3311 301 3397 atOf.ad1).54‚
318 3334 330 3381 1
350 3329 361 3397 ss
380 3334 411 3382 17
432 3324 482 3398 οὑχ
502 3321 519 3398 ᾗ
539 3327 649 3383 Vitelli:
673 3324 737 3395 οὑχλ
754 3331 764 3398 ΙΙ
783 3333 816 3382 18
836 3327 871 3382 (le
890 3348 934 3382 οτι
954 3333 1019 3398 post
1038 3324 1075 3391 ὡς

86 3390 106 3433 ⁷·
119 3385 213 3467 Bonita,
231 3399 291 3453 Ind.
305 3398 421 3454 Aristot.
437 3416 463 3469 p.
478 3404 553 3469 872²,
570 3405 654 3468 lsqq.
669 3401 726 3468 {122
745 3399 809 3454 fort.
828 3395 887 3462 οἷος
905 3394 984 3471 (ὡς)
1004 3395 1074 3452 ἐκεῖ·
1166 3393 1171 3404 ’

87 3463 125 3514 ¹²⁰3
138 3466 176 3520 vel
193 3465 252 3530 οἶος
269 3463 390 3532 ἔτεινας.
