2400 3930
340 165 616 225 PROTREPTICUS
635 171 669 238 (ι.
684 168 728 238 v).
1000 169 1043 234 35

54 329 198 415 τοβιίλλη
221 330 259 395 τὸ
283 328 457 413 συμφέρον
479 328 535 395 καὶ
557 333 659 418 ταύιη
682 331 811 416 ἡγῆται,
835 326 908 397 ἀλλ’
931 330 1045 398 ἕπεταί

54 460 60 499 ε
84 437 223 513 ταύταις
244 433 300 501 καὶ
317 437 437 501 ,δεῖταί
459 461 497 520 χε
525 436 579 503 καὶ
607 447 669 504 τοῦ
693 439 955 521 ὃιακονήσουτος
977 441 1041 505 σύ-

55 566 128 621 ιτος
155 539 212 608 καὶ
239 542 489 626 ἀναπίμπλαταί
512 542 628 628 γεκαὶ
658 554 715 629 τῆς
741 545 856 629 τύχης,
884 542 969 631 ὑπὲρ
993 542 1041 612 ὧν

55 651 211 715 τοόίὸωσι
242 650 300 726 τὰς
331 648 466 736 πράξεις
498 645 546 715 ὧν
573 651 591 717 ὁ
619 660 701 729 νοῦς
732 654 862 738 κύριος,
895 650 950 717 καλ
984 654 1040 717 όιόι

55 757 177 840 ύματος
197 756 235 820 αί
249 759 377 821 τιολλαί.
414 757 498 821 ὥστε
521 768 589 823 τῶν
608 760 816 843 όιανοήσεωυ
835 760 873 824 αι’
889 756 936 824 δι’
959 759 1067 825 αύτὸτ

55 864 126 928 ιλὸν
157 864 195 927 τὸ
227 869 371 948 θεωρεῖν
404 860 531 946 αλρεταλ
561 866 751 951 τιμιότεραι
783 864 839 931 καὶ
871 869 1041 949 κρείττους

55 977 94 1032 ῦν
123 970 206 1055 πρὸς
241 969 326 1034 ἄλλα
357 970 545 1054 χρησίμων·
582 968 627 1034 δι’
663 971 765 1048 αὑτὰς
802 967 839 1036 δέ
870 977 973 1055 τίμιοι
1007 973 1044 1037 αί

55 1078 166 1160 λεωρίαι
190 1072 246 1140 καλ
269 1075 382 1160 αίρετη
406 1074 443 1140 ἐν
465 1076 600 1154 ταύταις
622 1087 683 1142 τοῦ
705 1087 769 1142 νοῦ
791 1077 813 1160 ἡ
837 1081 956 1161 σοφία,
985 1079 1041 1143 διὰ

55 1175 71 1245 ll
96 1182 226 1268 πράξεις
252 1182 291 1247 αἱ
318 1183 401 1247 κατὰ
428 1184 609 1266 φρόνησιν·
642 1185 726 1250 ὥστε
757 1185 794 1249 τὸ
825 1184 956 1267 ἀγαθὸν
984 1182 1040 1249 καὶ

55 1276 134 1368 ’ίμιύυ
157 1288 195 1354 έν
217 1299 289 1365 ταῖς
311 1288 393 1353 κατὰ
417 1291 541 1372 σοφίαν
563 1292 734 1375 θεωρίαις,
758 1294 918 1374 θεωρίαις
941 1287 978 1356 δὲ
998 1291 1039 1356 οὐ
1056 1311 1082 1349 10

55 1391 133 1474 λήτου
165 1395 266 1461 πόλιν
297 1406 370 1471 ταῖς
401 1396 592 1480 τυχούσαις·
630 1397 671 1461 οῦ
707 1397 772 1482 γὰρ
808 1407 897 1462 πᾶσα
930 1397 1041 1475 ἁπλῶς

55 1500 204 1586 ἀτόληψις
230 1504 356 1587 τίμιον,
385 1498 457 1566 ἀλλ’
483 1501 504 1584 ἡ
532 1511 592 1567 τοῦ
620 1504 782 1588 ἄρχοντος
809 1512 920 1588 σοφοῦ
944 1506 1041 1581 ὄντος

56 1603 85 1668 αὶ
103 1617 158 1692 τῆς
181 1607 286 1694 ἐντῷ
309 1604 408 1672 παντὶ
431 1605 543 1692 ἀρχῆς,
570 1609 653 1692 αῦτη
677 1606 733 1674 καὶ
756 1612 860 1696 σοφίη
884 1611 1040 1687 σύνοικος

56 1709 84 1775 ἀλ
111 1717 239 1791 οίιιείως
270 1712 313 1779 ἂν
345 1712 529 1779 ὑιτοκέοιτο.
576 1717 764 1800 αἰσθήσεως
797 1712 858 1801 μὲν
892 1710 954 1781 οὖν
982 1715 1039 1783 καὶ

56 1827 91 1883 ὀῦ
117 1818 315 1907 ἀφαιρεθεὶς
348 1821 529 1906 ἄνθρωπος
561 1831 656 1911 φυτῷ
689 1825 837 1904 γίγνεται
869 1827 1038 1909 ταραττλή-
1055 1840 1080 1880 1⁵

56 1936 111 2009 ιος,
145 1936 210 1993 νοῦ
243 1924 280 1992 δὲ
312 1929 419 2012 μόνου
453 1926 667 2012 ἀφῃρημένος
699 1928 930 2011 έκθηριοῦται,
964 1929 1039 1995 ἀλο-

57 2032 100 2108 ίας
129 2029 166 2098 δέ
200 2031 396 2118 ἀφαιρεθεὶς
427 2031 539 2118 μένων
570 2032 601 2099 δ’
639 2034 675 2099 ἐν
708 2042 752 2121 τῷ
785 2042 833 2121 νςό
867 2033 1040 2118 ὁμοιοῦται

56 2146 103 2224 ἐῷ.
144 2137 370 2224 καταργητέον
403 2133 465 2204 οὖν
498 2141 545 2216 είς
573 2142 718 2223 δύναμιν
745 2146 803 2222 τῆς
831 2139 967 2224 ἀλογίας
995 2142 1039 2206 τὰ

57 2243 131 2329 άθη,
163 2256 235 2321 ταῖς
264 2241 301 2310 δὲ
328 2254 389 2311 τοῦ
416 2254 480 2311 νοῦ
506 2253 672 2332 καθαραῖς
702 2245 882 2331 ἐνεργείαις
908 2246 964 2312 καὶ
992 2249 1039 2326 εἰς

56 2353 141 2416 ιυτὸν
168 2348 224 2417 καλ
251 2353 288 2416 τὸ
318 2358 417 2418 θεῖον
445 2351 639 2436 ἄφορώσαις
671 2351 832 2437 χρηστέον
839 2402 849 2436 ,
881 2352 936 2419 καλ
968 2365 1039 2433 ταῖς
1053 2372 1080 2411 20

58 2455 185 2535 ιεξόὸοις
202 2466 341 2524 τοῦτοῦ
356 2461 414 2541 ζῆν
432 2457 638 2542 μελετητέον,
657 2468 724 2523 πᾶν
741 2460 779 2524 τὸ
798 2469 856 2543 τῆς
874 2471 1041 2547 προσοχῆς

58 2583 113 2644 μμα
135 2562 189 2629 καὶ
212 2564 272 2628 τὸν
295 2567 401 2648 ἔρωτα
419 2565 503 2646 πρὸς
526 2572 646 2629 τοῦτον
669 2565 873 2642 συνάψαντα.
917 2566 1039 2650 οὐγὰρ

57 2667 128 2748 ὴτόι
148 2667 225 2756 περὶ
243 2671 302 2735 τὸν
320 2671 404 2735 θεὸν
424 2668 479 2734 καλ
502 2671 542 2734 τὰ
560 2676 639 2735 θεῖα
657 2668 849 2755 θεωρητέον
870 2681 937 2734 τῶν
956 2672 1038 2753 τρύ-

57 2793 107 2839 ιου
129 2776 234 2843 ἕνεκα.
280 2776 322 2841 ού
343 2777 408 2862 γάρ
432 2791 516 2859 φασι
534 2777 675 2860 θεμιτὸν
699 2771 785 2840 εἶναι
806 2778 956 2860 χραίνειν
974 2776 1036 2859 την

57 2875 110 2944 λέον
134 2892 195 2949 τοῦ
224 2884 322 2948 θείου
354 2884 668 2967 καταδουλούμενον
700 2890 746 2969 τῷ
779 2891 839 2948 τοῦ
871 2885 1037 2968 χρησίμου
1051 2900 1077 2940 2⁶

57 2978 216 3073 ἱνθρύτιοις
239 2988 423 3076 ἀναγκαίη),
452 2984 526 3054 οὐδ’
553 2990 637 3065 ὅλως
660 2990 719 3053 τὸν
742 2998 827 3054 νοῦν
851 2987 1037 3055 όσιταστέον

57 3084 88 3153 λιλ
98 3095 150 3172 τὰς
163 3098 274 3182 χρείας
287 3116 359 3156 ιε*
374 3094 468 3172 εἰκὼς
485 3097 567 3180 πρὸς
583 3096 703 3172 ταύτας
723 3092 840 3182 (μόνος
859 3094 900 3177 δὴ
920 3103 1037 3159 πασῶν

57 3227 238 3248 N—-oe

117 3325 170 3377 1.4
187 3341 243 3379 non
261 3323 398 3392 intellego
412 3325 421 3394 ΙΙ
435 3329 451 3377 ῦ
471 3318 541 3377 αύτὸ
557 3322 594 3377 A:
614 3317 685 3376 αὑτὸ
700 3323 739 3390 lg
759 3317 855 3389 αίρετὴ
869 3322 906 3374 A:
926 3315 1037 3390 ύρετὴΙ1

57 3386 74 3434 32
84 3390 156 3446 τοῦτο
170 3393 195 3446 Α
207 3397 216 3464 ΙΙ
230 3402 264 3450 27
279 3395 408 3450 lacunam
423 3394 547 3464 signavit
558 3393 664 3460 Vitelli,
679 3392 729 3460 qui
742 3388 830 3465 <olel
846 3390 1040 3466 ουνιακτέον>

57 3451 96 3526 lli
107 3463 243 3521 tentabat:
257 3463 307 3520 τὸν
321 3467 392 3520 νοῦν
405 3461 645 3519 κατασπάσασθαι
659 3463 710 3527 τὰς
726 3465 821 3546 χρείας
835 3460 912 3526 εἰκὸς
925 3467 966 3532 (at
976 3459 1035 3517 είιιό

57 3537 71 3575 ¹·
86 3543 106 3581 e·
123 3531 198 3599 εἰκὼς
216 3537 314 3606 codex)
333 3535 446 3606 scripsit
462 3535 488 3589 K
501 3535 510 3604 ll
525 3533 574 3606 δὴ]
592 3531 666 3604 yolo?
681 3533 793 3590 'Vitelli

840 3622 878 3676 3*
