2400 3930
135 135 179 199 34
324 118 329 125 '
543 131 733 187 ιιιιΒιιοΗι

133 295 187 361 καὶ
211 297 318 361 πάντα
342 292 457 380 πράξει
477 295 649 359 δουλεύων
667 303 707 378 ιη’]
726 303 786 360 τοῦ
804 304 869 360 νοῦ
887 297 1011 379 κτήσει.
1053 305 1131 362 τοῦτ(

133 398 170 467 δὲ
194 397 296 466 οὐδὲν
318 402 399 466 άλλο
423 397 514 466 ἐστὶν
537 399 557 484 ή
580 400 618 464 τὸ
642 405 856 485 φιλοσοφεῖν,
883 401 968 467 ὥστε
991 400 1048 467 καὶ
1069 405 1131 468 κατι

131 508 256 592 ταύτην
282 508 345 591 τήν
373 509 537 592 διαίρεσιν
563 506 699 571 πάντων
727 507 869 592 μάλιστα
899 509 1131 594 φιλοσοφητέοι

128 625 199 692 τοῖς
222 613 441 699 βουλομένοις
464 608 502 678 εὖ
525 613 689 698 πράττειν.

101 740 114 780 5
218 723 279 797 Εἰς
291 720 392 785 ταύτὸ
407 715 444 784 δὲ
458 718 554 805 φέρει
567 719 661 796 τέλος
674 716 730 786 καὶ
743 719 764 802 ἡ
778 720 892 785 τοιάδε
905 723 1040 806 ἔφοδος.
1063 731 1131 787 πᾶσι

128 828 231 909 φύσις
249 827 359 910 ὥσπερ
379 827 500 909 ἔχουσα
519 827 622 909 λόγον
640 821 747 892 οὐδὲν
766 823 827 910 μὲν
846 828 916 912 εἰκῇ
935 839 1036 912 ποιεῖ,
1055 827 1131 893 ἕνεκα

129 931 169 998 δέ
189 956 280 1009 τινος
302 931 424 1015 πάντα,
452 929 507 997 καὶ
536 936 662 1017 μᾶλλον
690 940 751 997 τοῦ
778 930 876 998 ἕνεκά
902 956 996 1011 τινος
1019 935 1055 999 τὸ
1077 935 1131 1016 εἰκή

129 1033 305 1127 ἐξορίσασα
323 1041 545 1126 πεφρόντικεν
568 1041 651 1124 ήπερ
672 1039 708 1103 αλ
724 1037 848 1123 τέχναι,
872 1039 924 1104 ὅτι
941 1039 998 1106 καλ
1017 1041 1131 1125 φύσεος

129 1147 174 1212 αῖ
177 1147 289 1230 τέχναι
303 1140 390 1228 ήσαν
404 1148 580 1229 μιμήματα,
613 1154 674 1210 τοῦ
689 1141 726 1210 δὲ
742 1144 929 1231 ἀνθρώπου
944 1158 1130 1221 συνεστῶτος

91 1271 116 1308 ιο
131 1252 232 1335 φύσει
260 1250 296 1314 ἐκ
323 1259 430 1333 ψυχῆς
452 1273 487 1314 τε
510 1248 564 1314 καὶ
589 1250 755 1334 σώματος,
783 1253 955 1334 βελτίονος
983 1251 1021 1318 δὲ
1048 1253 1130 1334 οὔσης

129 1365 187 1438 τής
209 1363 316 1439 φυχής
338 1364 399 1419 τοῦ
428 1356 579 1439 σώματος
606 1353 662 1420 καλ
689 1355 740 1422 άεδ
767 1366 828 1423 τοῦ
854 1359 1027 1440 βελτίονος
1052 1359 1128 1424 ἕνεκα

130 1458 403 1547 ὑπηρετουμένου
425 1470 486 1526 τοῦ
508 1462 674 1546 χείρονος,
702 1461 757 1527 καὶ
782 1465 820 1531 τὸ
843 1475 939 1549 σῶμα
961 1474 1019 1550 τής
1041 1470 1126 1549 ψυχῆς

129 1567 225 1633 ἕνεκά
249 1567 326 1634 ἐστι.
368 1577 425 1650 τῆς
443 1577 550 1652 ψυχῆς
569 1565 606 1633 δὲ
626 1569 664 1633 τὸ
683 1566 744 1653 μὲν
762 1565 805 1653 ήν
824 1573 902 1654 ἔχον
920 1574 1034 1656 λόγον,
1056 1564 1123 1636 τὸδ’

130 1674 191 1739 οὐκ
214 1678 302 1759 ἔχον,
326 1676 405 1759 ὅπερ
426 1673 479 1740 καὶ
502 1686 630 1761 χεῖρον·
655 1677 738 1741 ὥστε
760 1678 798 1742 τὸ
822 1679 947 1762 άλοηον
971 1678 1064 1744 ἕνεκα
1082 1681 1124 1741 τοῦ

91 1798 117 1838 15
132 1783 234 1861 λόγον
257 1783 400 1866 ἔχοντος.
447 1781 483 1846 ἐν
508 1778 545 1846 δὲ
572 1791 617 1870 τῷ
644 1784 747 1866 λόγον
770 1786 879 1867 ἔχοντι
903 1783 920 1849 ὁ
943 1792 1038 1861 νοῦς·
1064 1783 1123 1847 ὥστε

129 1897 190 1953 τοῦ
222 1897 286 1952 νοῦ
319 1886 415 1952 ἕνεκα
447 1887 556 1953 πάντα
589 1883 673 1954 εἶναι
713 1889 888 1971 ἀναγκάζει
918 1888 939 1972 ή
974 1886 1123 1965 ἀπόδειξις.

128 2003 189 2060 τοῦ
219 1992 249 2059 δ’
278 1988 320 2059 αὖ
353 2002 417 2059 νοῦ
445 1995 482 2059 αλ
511 1997 645 2079 νοήσεις
675 1995 852 2080 ἐνέργειαι,
886 1995 1019 2081 ὁράσεις
1050 1989 1123 2061 οὖσαι

130 2112 277 2187 νοητῶν,
311 2101 356 2178 ὡς
387 2111 448 2167 τοῦ
481 2102 637 2188 ὁρατικοῦ
671 2100 820 2185 ἐνέργεια
852 2101 936 2187 ὁρᾶν
968 2103 1009 2168 τά
1036 2094 1123 2188 ὁρατά

128 2213 277 2293 νοήσεως
317 2202 380 2273 οὖν
416 2205 471 2271 καὶ
507 2217 571 2272 νοῦ
608 2206 748 2291 <ἕνεκα>
785 2208 894 2272 πάντα
930 2209 1043 2296 αίρετδι
1075 2210 1124 2276 τοῖς

92 2333 118 2370 20
131 2313 336 2398 ἀνθρώποις,
357 2318 448 2397 εἴπερ
467 2312 507 2376 τά
526 2309 587 2396 μὲν
605 2314 687 2377 ἄλλα
705 2323 763 2399 τής
781 2323 888 2398 ψυχῆς
907 2313 1006 2380 ἕνεκα
1024 2306 1124 2399 αἱρετά,

129 2427 213 2493 νοῦς
237 2415 272 2481 δὲ
296 2418 334 2482 τὸ
357 2415 530 2499 βέλτιστον
553 2429 620 2484 τῶν
643 2423 726 2486 κατὰ
748 2421 860 2506 ψυχήν
884 2423 1001 2506 μόνον,
1027 2429 1082 2487 τοῦ
1099 2409 1125 2480 δὲ

129 2526 303 2609 βελτίστου
335 2523 375 2586 τδι
403 2523 487 2587 άλλα
520 2524 699 2610 συνέστηκε
732 2528 840 2613 χάριν.
885 2529 987 2593 πάλιν
1016 2525 1052 2594 δὲ
1077 2531 1126 2592 νῦν

128 2632 335 2715 διανοήσεοιν
363 2628 539 2715 ἐλεύθεραι
566 2628 627 2715 μὲν
650 2629 737 2716 ἦσαν
761 2634 836 2699 ὅσαι
860 2631 907 2699 δι’
935 2634 1037 2712 αὑτάς
1058 2632 1127 2716 αλρεΨ

127 2743 195 2822 ταί,
233 2739 370 2816 δούλαις
402 2733 439 2802 δὲ
472 2735 613 2802 ἐοικυῖαι
650 2740 687 2804 αἱ
721 2733 766 2804 δι’
802 2741 887 2805 άλλα
925 2741 988 2824 τήν
1019 2750 1128 2824 γνῶσιν

88 2862 113 2902 25
129 2846 375 2931 άτερείδουσαν
403 2857 553 2931 κρεῖττον
581 2841 618 2910 δὲ
645 2845 816 2930 πανταχοῦ
843 2848 881 2912 τὸ
906 2844 951 2913 δι’
980 2847 1061 2913 αὑτὸ
1084 2843 1130 2910 τοῦ

130 2945 173 3016 δι’
209 2953 305 3034 ἄλλο,
342 2950 393 3015 ὅτι
424 2949 478 3015 καὶ
514 2953 551 3016 τὸ
585 2951 767 3037 ἐλεύθερον
799 2961 861 3017 τοῦ
897 2953 941 3037 μή
980 2955 1131 3020 τοιούτου.

128 3057 309 3145 χρωμένων
337 3057 379 3140 δή
410 3067 478 3121 τῶν
509 3057 661 3143 πράξεων
692 3067 731 3143 τή
766 3060 914 3146 διανοίᾳ,
947 3059 1012 3126 κάν
1045 3058 1131 3130 αὐτὸς

134 3177 348 3186 ——.—-—

200 3222 302 3271 στᾶσα
312 3220 368 3269 κτλ.
376 3231 464 3282 usque
475 3213 511 3266 ad
520 3214 645 3268 medium
653 3232 675 3268 0.
684 3213 735 3267 XII
743 3217 874 3286 excerpta
884 3220 950 3271 sunt
958 3180 1129 3273 drintotelica

131 3287 421 3356 cf.Bywater‚J0u1-n.
431 3285 678 3354 ofPhil.1155sqq.
695 3287 1131 3360 Hirzel‚Herm.X[1876]83sqq

203 3434 236 3482 10
250 3430 392 3552 χελτίονος
406 3425 459 3498 dd?
474 3431 483 3499 η
498 3434 531 3483 13
552 3423 610 3483 ἔστι
623 3427 734 3483 Vitelli:
755 3425 852 3500 εἷναιή
868 3435 900 3484 19
917 3431 985 3498 (non
1001 3433 1047 3501 16)
1062 3430 1131 3487 ἕνετι

130 3498 240 3554 addidit
275 3499 402 3555 ulcanius
415 3501 425 3568 11
439 3504 472 3553 21
487 3496 577 3570 μόνον
591 3502 752 3569 suspectum
765 3502 775 3570 η
789 3507 823 3555 27
838 3496 953 3563 αύτδςὸ
969 3503 1039 3566 νοῦς
1052 3500 1131 3558 Schol
