2400 3930
144 110 207 174 102
556 107 748 165 IAMBLICHI

235 272 302 336 Τόν
325 293 360 336 τε
383 264 426 334 αὖ
449 272 574 356 χρόνον
596 281 666 348 τοῖς
690 270 884 357 ἀνθρώποις
906 272 962 338 διά
979 271 1038 354 τὴν
1058 269 1127 334 εὐνα-
1180 255 1189 312 λ

142 379 222 462 μίαν
245 378 292 454 είς
315 373 376 461 μὲν
399 377 439 441 τδι
456 377 631 462 πράγματα
653 375 759 463 ἀργὸν
782 380 972 461 γίγνεσθαι,
996 379 1039 455 είς
1056 372 1085 441 δὲ
1102 371 1129 436 τὰ
1178 383 1185 416 ν’

144 488 223 569 ἔργα
246 493 304 568 τὴς
328 486 411 567 ζωῆς
433 483 623 569 ἐργάσιμον.
1180 471 1190 523 '³²

235 591 421 675 Φροντίδος
457 585 494 654 δὲ
529 600 587 674 τὴς
619 587 680 676 μὲν
711 589 915 674 ἀηδεστάτης
951 587 1129 673 ἀπηλλάχθαι

116 714 128 753 5
143 700 221 773 τοὺς
240 695 443 782 ἀνθρώπους
461 694 499 761 ἐν
516 704 557 781 τῇ
576 696 726 783 εὐνομίᾳ,
744 704 784 780 τῇ
803 692 841 760 δέ
857 695 977 782 ἡδίστη
997 700 1159 761 svmmvm
1181 698 1190 753 ἶ

142 802 343 888 πραγμάτων
362 799 423 885 μὲν
441 804 505 887 γάρ
525 804 691 888 φροντίδα
709 801 917 887 ἀηδεστάτην
934 797 1032 886 εἶναι,
1049 804 1129 886 ἔργων
1183 788 1185 795 ⁴

144 907 180 974 δὲ
203 909 353 993 ἡδίστην.
1182 899 1190 945 ·;

231 1021 292 1092 Είς
313 1040 349 1081 τε
372 1011 415 1081 αὖ
437 1018 498 1082 τὸν
520 1016 629 1082 ὕπνον
654 1019 774 1099 ἐοῦσιν,
799 1016 879 1099 ὅπερ
904 1014 1074 1100 ἀνάπαυμα
1091 1030 1129 1075 αα·

142 1132 211 1185 κῶν
239 1121 329 1186 ἐστιν
353 1121 561 1206 ἀνθρώποις,
590 1121 741 1205 ἀφόβους
768 1118 829 1206 μὲν
857 1119 914 1187 καὶ
937 1123 1045 1188 ἀλυπα
1065 1137 1129 1205 μιρα·
1186 1116 1190 1131 '

104 1245 129 1282 10
143 1236 294 1309 μνῶντας
317 1228 475 1311 ἔρχεσθαι
498 1229 546 1304 είς
568 1228 687 1310 αὐτόν,
716 1226 938 1312 γιγνομένους
966 1227 1003 1295 δὲ
1026 1223 1070 1294 ἐπ’
1092 1218 1130 1289 αά

142 1339 203 1397 τοῦ
225 1330 320 1416 έτερα
342 1341 479 1398 τοιαῦτα
502 1334 656 1418 πάσχειν,
684 1332 741 1400 καὶ
763 1336 808 1420 μὴ
832 1333 1004 1420 ἐμφόβους
1026 1334 1131 1415 ἐξάπινα
1171 1408 1184 1419 ..

142 1440 369 1504 καθίστασθαι
383 1441 404 1520 †
419 1435 490 1504 οὐδ’
511 1439 546 1504 ἐκ
565 1444 770 1524 μεταλλαγῆς
782 1441 920 1525 ἡδίστης
933 1451 996 1507 τοῦ
1010 1435 1132 1524 γνωσιὴλ
1174 1426 1180 1445 ²

143 1548 205 1630 τὴν
223 1545 349 1631 ἡμέραν
368 1540 454 1611 εἶναι
472 1544 729 1632 προσδέχεσθαι,
752 1547 836 1613 άλλδι
854 1547 960 1631 ἡδέως
980 1545 1132 1635 φροντίδας

143 1649 204 1737 μέν
224 1652 372 1731 ἀλύπους
389 1650 464 1738 περὶ
482 1654 523 1718 τά
542 1655 622 1738 ἔργα
644 1662 702 1737 τὴς
721 1656 803 1738 ζωὴς
825 1653 1059 1739 ποιουμένους,
1079 1648 1190 1721 ταάίῑδᾸ

105 1776 129 1817 1⁵
143 1763 268 1836 πόνους
292 1757 329 1825 δέ
351 1769 391 1844 τὴ
415 1759 587 1843 ἀντιλήψει
609 1759 748 1842 ἀγαθῶν
767 1760 897 1826 ἐλπίσιν
917 1761 1080 1838 εὐπίστως
1098 1748 1134 1822 ααλ
1178 1758 1188 1773 ”

144 1867 424 1952 εὐπροσδοαὴτοις
443 1865 737 1952 ἀνααουφίζοντας,
761 1863 809 1932 ὧν
832 1868 969 1933 πάντων
988 1870 1048 1952 τὴν
1066 1865 1136 1932 εὐνα·
1184 1896 1188 1901 ·

144 1975 223 2056 μίαν
247 1974 356 2038 αἰτίαν
380 1968 474 2040 εἶναι.

232 2077 299 2144 Καὶ
313 2081 350 2144 τὸ
364 2082 448 2145 κακά
461 2081 598 2165 μέγιστα
611 2090 680 2156 τοῖς
694 2079 887 2165 ἀνθρώποις
901 2083 1050 2165 πορίζον,
1064 2079 1138 2144 πόλε-

144 2208 208 2267 μον
232 2184 474 2268 ἐπιφερόμενον
497 2187 544 2262 είς
566 2186 800 2271 ααταστροφὴν
825 2183 880 2250 καὶ
904 2186 1082 2270 δούλωσιν,
1100 2175 1138 2247 ιαῖ

104 2307 130 2344 20
144 2297 243 2352 τοῦτο
262 2288 426 2371 ἀνομοῦσι
445 2286 506 2374 μὲν
524 2295 651 2375 μᾶλλον
670 2291 878 2378 ἐπέρχεσθαι,
899 2289 1141 2377 εὐνομουμένοις

145 2388 175 2457 δ’
201 2388 315 2476 ἡσσον.

232 2498 300 2565 Καὶ
328 2501 411 2565 άλλα
439 2496 476 2565 δε
499 2503 606 2567 πολλά
634 2503 724 2568 ἐστιν
751 2504 787 2569 ἐν
809 2512 848 2588 τῇ
873 2503 1015 2592 εὐνομία
1038 2494 1190 2593 ἀγαδά,5001

144 2608 225 2694 άπερ
255 2607 499 2695 ἐπικουρὴματα
527 2618 566 2694 τὴ
596 2613 659 2696 ζωὴ
688 2608 743 2675 ααι
769 2611 948 2696 παραψυχὴ
976 2621 1046 2676 τῶν
1068 2615 1147 2696 χαλε

143 2726 216 2779 τῶν
243 2716 276 2794 ἐξ
305 2717 406 2800 αὐτὴς
435 2719 595 2800 γίγνεται·
628 2718 669 2781 τά
697 2712 728 2780 δ’
761 2716 797 2783 ἐκ
823 2727 881 2801 τὴς
910 2715 1052 2802 ἀνομίας
1079 2714 1149 2784 κατὰ

104 2837 130 2878 25
144 2820 370 2906 ἀποβαίνοντα
392 2823 471 2887 τάδε
495 2821 592 2889 ἐστίν.

224 2927 381 3013 ’Ἇσχολοι
404 2925 465 3012 μὲν
488 2939 621 3012 πρῶτον
649 2929 685 2992 οί
705 2929 879 3013 ἀνδρωποι
907 2933 992 3015 πρὸς
1019 2933 1060 2996 τά
1083 2933 1154 3016 ἔργα

143 3038 317 3161 γίγνονται
333 3032 388 3100 παλ
403 3033 635 3118 ἐπιμελοῦνται
648 3043 709 3100 τοῦ
724 3033 939 3119 ἀηδεστάτου,
958 3039 1157 3122 πραγμάτων

235 3198 268 3246 12
288 3155 366 3264 οὐδ’]
392 3183 447 3245 ὦδε
471 3185 500 3245 δ’
528 3191 617 3261 (Diels
635 3191 801 3277 praetulerit
823 3192 872 3246 παλ
895 3187 962 3261 ἤδη)
987 3197 1017 3248 et
1040 3213 1111 3256 mox
1129 3191 1158 3250 τὸ

144 3259 271 3330 γνωστὴν
290 3264 328 3331 (h.
343 3280 366 3317 e.
382 3260 523 3343 φανερὰν)
538 3281 589 3332 pro
609 3264 659 3317 τοῦ
673 3259 800 3346 γνωστὴν
818 3264 926 3333 (atque
940 3264 1005 3333 ita’,
1021 3264 1083 3322 scil.
1099 3283 1162 3322 con·

144 3334 269 3399 territos,
296 3334 372 3401 ‘post
391 3331 586 3388 suavissimam
610 3334 702 3388 somni
719 3335 809 3389 vicem
831 3338 993 3403 exspectare
1012 3336 1117 3408 diem’)
1140 3337 1163 3392 si

133 3406 215 3458 ιεοιε
222 3405 373 3492 proponit
361 3403 441 3460 tvit
442 3402 506 3475 elli,
524 3404 609 3462 facile
629 3404 786 3460 carebimus
802 3405 852 3459 τοὶ
868 3405 1033 3476 Kissslingii
1052 3409 1165 3465 οοωίεο

123 3473 187 3529 tura
207 3470 392 3534 άνίστασθαι
406 3479 417 3549 ἡ
432 3483 469 3533 16
490 3446 788 3550 ένπροσδοαὴτοιςὴ
769 3491 821 3530 sss
