2400 3930
299 107 573 165 PROTREPTICUS
593 111 626 178 (ο.
642 108 714 164 XIII.
727 107 813 176 XIV).
1020 109 1062 174 73

10 275 58 350 {³¹³
84 263 124 330 καλ
136 269 233 355 οὐδέν,
253 271 438 355 ἀτιμάσασα
452 279 600 356 πανταχῇ
619 271 775 336 πέτεται
792 273 874 336 κατὰ
889 273 1063 359 Πινδάρου

10 408 37 444 τε
85 372 117 435 τά
133 397 164 441 τε
180 388 248 461 γᾶς
266 375 463 463 ὑπένερθε
485 376 550 442 καλ
571 379 616 442 τά
635 377 799 443 ἐπίπεδα
820 389 1064 464 γεωμετροῦσα,

10 512 30 550 ο.
60 520 64 529 -
86 477 202 565 οὐρανοῦ
215 508 250 550 τε
264 484 348 569 ὕπερ
365 484 619 570 ἀστρονομοῦσα
637 481 692 548 καὶ
710 493 821 549 πᾶσαν
839 486 945 569 πάντη
959 487 1064 570 φύσιν

86 581 263 676 λρευνομένη
285 599 353 655 τῶν
376 591 485 655 όντων
509 588 648 655 ἑκάστου
676 590 774 673 όλου,
803 592 850 668 είς
876 601 943 656 τῶν
967 592 1065 676 ἐγγὺς

10 754 25 764 ,.
85 690 160 760 οὐδὲν
192 696 313 780 ἑαυτὴν
350 702 579 780 συγκαθιελσα.
635 697 745 782 ὥσπερ
782 697 823 781 δὴ
860 695 915 762 καὶ
952 703 1093 782 Θαλῆνε

21 872 23 883 Ι
84 795 326 888 ἀστρονομοῦντα
356 801 413 868 καὶ
444 799 673 885 ἀναβλέποντα
704 805 848 867 πεσόντα
880 806 927 881 είς
959 805 1066 891 φρέαρ

20 968 22 972 ,
84 906 186 993 Θρᾷττά
215 932 265 987 τις
297 908 437 993 ἐμμελὴς
472 905 526 973 καὶ
558 910 716 993 χαρίεσσα
753 907 952 994 θεραπαινὶς
987 911 1067 975 ἀπο-

83 1022 185 1092 addat
216 1014 360 1098 λέγεται,
393 1014 438 1091 ὡς
468 1015 509 1078 τά
541 1011 602 1098 μὲν
630 1013 666 1078 έν
696 1014 829 1101 οὐρανῷ
857 1021 1067 1100 προθυμοῖτο

10 1152 23 1197 ιι
82 1116 195 1205 εἰδέναι,
225 1123 266 1186 τά
296 1118 332 1186 δὲ
360 1122 502 1186 ὄπισθεν
528 1120 633 1185 αὐτοῦ
661 1117 716 1184 καλ
739 1123 828 1204 παρὰ
857 1123 963 1198 πόδας
990 1126 1068 1186 λαν-

10 1238 14 1294 ff
53 1221 159 1291 ῑδάνοι
187 1226 298 1293 αὐτόν.
342 1227 465 1292 ταύτὸν
493 1223 530 1290 δὲ
559 1225 656 1311 ἀρκεῖ
684 1237 821 1311 σκῶμμα
854 1225 906 1293 ἐπὶ
942 1229 1067 1306 πάντας
1083 1249 1109 1287 1⁰

10 1339 19 1369 ²
80 1323 137 1395 ὅσοι
159 1332 194 1398 ἐν
221 1335 406 1418 φιλοσοφίᾳ
434 1331 598 1415 διάγουσι.
643 1338 689 1420 τῷ
718 1334 781 1417 γάρ
815 1334 888 1398 ὄντι
915 1336 974 1400 τὸν
1001 1359 1068 1400 τοι-

17 1492 19 1500 s
80 1439 159 1503 θῦτον
180 1439 198 1504 ὁ
222 1435 284 1523 μὲν
305 1441 448 1522 πλησίον
470 1435 525 1504 καὶ
548 1439 566 1504 ὁ
585 1440 705 1522 γείτων
724 1437 878 1523 λέληθεν,
903 1440 944 1505 οὐ
962 1446 1069 1524 μόνον

14 1551 22 1588 ‘³
80 1534 137 1606 ὅτι
154 1545 297 1631 πράττει,
321 1542 392 1610 ἀλλ’
420 1544 536 1628 ὀλίγου
559 1541 614 1609 καλ
638 1545 713 1629 <εί>
735 1546 916 1631 ἀνθρωπός
939 1545 1069 1629 έστινίλ

15 1678 18 1707 ε
80 1662 104 1706 τι
125 1649 196 1717 ἀλλο
223 1649 370 1739 θρέμμα·
401 1653 437 1716 τί
461 1651 503 1734 δή
530 1648 603 1717 ποτ’
635 1650 725 1716 ἐστὶν
753 1652 933 1736 ἀνθρωπος
960 1651 1015 1717 καλ
1037 1657 1073 1717 τί

15 1757 17 1764 ’
80 1756 110 1831 τῇ
135 1759 263 1843 τοιαύτη
296 1758 397 1842 φύσει
427 1759 588 1842 προσήκει
621 1755 784 1842 διαφέρον
811 1769 878 1822 τῶν
910 1759 1021 1823 ἀλλων
1049 1759 1114 1842 ἣιε

12 1860 14 1867 ’
55 1858 168 1929 Αστοιελν
189 1864 209 1949 λλ
233 1863 386 1947 πάσχειν,
416 1866 505 1947 ζητεῖ
524 1886 559 1928 τε
582 1860 637 1928 καὶ
660 1857 823 1949 πράγματ’
850 1866 915 1947 έχει
945 1865 1072 1947 διερευ-

41 1972 44 1977 ’
81 1962 215 2048 νόμενος.
252 1970 423 2055 τοιγάρτοι
444 1970 513 2056 ίδίμ
536 1991 571 2034 τε
595 1971 858 2053 σνγγιγνόμενος
880 1969 898 2034 ὁ
921 1979 1072 2047 τοιοῦτος

10 2082 12 2130 ἱ
82 2059 184 2164 ἑκάστῳ
202 2074 259 2141 καὶ
278 2077 433 2162 δημοσία,
453 2076 533 2140 ὅταν
552 2074 589 2140 ἐν
606 2076 807 2162 δικαστηρίῳ
826 2077 847 2158 ἀλ
865 2097 931 2140 που
949 2077 1073 2141 ἀλλοθι

80 2165 256 2267 ἀναγκασθῇ
278 2178 353 2268 περὶ
375 2192 443 2246 τῶν
465 2168 555 2266 παρά
582 2182 687 2259 πόδας
708 2178 764 2246 καὶ
791 2191 859 2246 τῶν
882 2180 919 2246 έν
942 2182 1072 2266 ὀφθαλ-

79 2289 138 2358 μοῖς
158 2286 382 2372 διαλέγεσθαι,
407 2286 533 2370 γέλωτα
555 2285 689 2372 παρέχει
713 2287 754 2351 οὐ
778 2290 884 2372 μόνον
909 2287 1072 2377 Θρᾴτταις
1086 2309 1114 2348 20

30 2442 33 2449 .
77 2374 146 2457 ἀλλὰ
171 2392 226 2461 καὶ
252 2401 298 2481 τῷ
327 2395 415 2480 άλλῳ
447 2395 549 2481 ὄχλῳ,
583 2395 638 2470 είς
660 2393 787 2478 φρέατά
816 2418 851 2461 τε
877 2394 933 2461 καλ
963 2406 1073 2462 πᾶσαν

74 2479 203 2585 ἀπορίαν
231 2499 400 2585 ἐμπίπτων
430 2500 496 2565 ὑπὸ
529 2499 693 2585 ἀπειρίας,
725 2500 782 2567 καὶ
808 2503 829 2586 ἡ
857 2503 1072 2588 ἀσχημοσύνη

72 2585 167 2690 δεινά,
190 2605 291 2684 δόξαν
315 2606 510 2692 ἀβελτηρίας
532 2605 752 2692 παρεχομένη.
797 2610 834 2672 έν
857 2632 892 2672 τε
915 2610 979 2693 γάρ
1001 2620 1074 2684 ταῖς

60 2693 244 2800 ’λοιδορίαις
276 2713 365 2778 ίδιον
393 2715 459 2797 ἔχει
491 2708 593 2778 οὐδὲν
623 2710 746 2778 οὐδένα
779 2714 947 2799 λοιδορεῖν
975 2714 1074 2791 αὐτὸς

35 2878 40 2892 ,
66 2800 125 2878 οὐκ
147 2821 243 2897 είδὼς
264 2821 367 2885 κακὸν
391 2815 492 2884 οὐδέν
516 2818 656 2895 οὐδενὸς
683 2819 719 2884 ἐκ
742 2828 803 2884 τοῦ
831 2821 875 2905 μὴ
899 2826 1072 2906 μεμελετη-
1087 2837 1115 2878 2⁵

62 2907 167 2989 κέναι·
191 2926 326 3011 ἀπορῶν
350 2920 412 2990 οὖν
434 2929 565 3008 γελοῖος
588 2928 755 3009 φαίνεται·
779 2929 815 2991 έν
833 2951 868 2993 τε
890 2938 961 3004 τοῖς
984 2930 1073 2994 έπαί-

61 3029 137 3107 1’(ἰς
152 3030 206 3097 καὶ
225 3043 297 3108 ταῖς
309 3043 377 3098 τῶν
392 3033 503 3097 ἀλλων
517 3035 753 3117 μεγαλαυχίαις
772 3034 813 3098 οὐ
832 3037 1073 3119 προσποιήτως,

59 3119 273 3157 &—

58 3236 69 3284 6
96 3243 116 3267 ‚O
138 3194 150 3241 1
168 3188 311 3244 distinctio
325 3184 490 3267 post-odds'v
505 3191 548 3243 εελ
561 3188 590 3243 in
601 3190 696 3245 codice
710 3192 719 3258 λλ
734 3196 749 3244 3
765 3186 1051 3261 ὑπεραστρονομοῦρα
1072 3191 1075 3263 λ

56 3266 155 3354 3,va
170 3258 307 3332 βλέποντα
323 3266 351 3312 et
366 3258 587 3328 θέμπροσθενΡ
601 3263 610 3329 λλ
626 3267 657 3314 13
673 3259 701 3315 εί
713 3260 778 3314 exP
793 3261 901 3316 addidit
915 3261 939 3314 A
952 3262 962 3330 λλ
977 3268 1010 3316 14
1024 3262 1059 3330 δή

74 3327 90 3364 ⁸
119 3325 351 3400 ΡΑλλάγθρωπος
369 3347 433 3384 cum
452 3330 557 3385 Cobeto
581 3332 678 3386 malim
696 3334 705 3401 λλ
724 3337 757 3385 17
777 3329 995 3402 συγγιγνόμενος
1013 3334 1073 3387 PA:

55 3389 291 3495 ζυνγιγνομένοις
311 3401 321 3472 λλ
345 3406 377 3456 18
402 3398 592 3474 ἕκάστηοῬΚε
617 3400 733 3466 ἕκαστος
756 3404 767 3472 λλ
788 3408 823 3456 24
842 3400 944 3474 αάτὸςλ
959 3399 1005 3457 ἀπ’
1027 3405 1047 3458 Ρ
1066 3404 1082 3472 λλ

74 3453 96 3505 7
122 3473 315 3540 προαποιητάς.
