2400 3930
330 166 605 224 PROTREPTICUS
624 171 658 236 (ο.
673 167 744 237 XX).
984 167 1046 232 103

66 327 108 392 ;λλ’
130 330 190 396 οὐκ
213 332 333 416 ἔργων,
355 330 396 395 τά
417 351 453 396 τε
475 332 625 416 χρήματα
649 323 693 394 δι’
717 328 873 394 ἀπιστίαν
896 328 951 394 καὶ
975 329 1047 414 ἀμι-

67 431 110 498 ίαν
128 436 457 521 ἀποθησαυρίζουσιν
478 431 550 501 ἀλλ’
571 435 614 501 ού
636 443 839 518 κοινοῦνται,
862 433 918 499 καί
941 436 1047 513 ούτυς

66 541 152 608 ’πάνια
174 545 336 628 γίγνεται,
359 541 419 608 ἐάν
441 540 497 608 καὶ
520 544 627 608 πολλά
649 533 680 628 ᾖ.

121 650 211 715 Αίτε
225 650 322 733 τύχαι
336 649 373 714 αί
389 652 538 735 φλαῦροι
555 646 611 713 καὶ
629 649 667 713 αί
683 646 809 732 ἀγαθαὶ
828 649 875 725 είς
888 647 1045 714 τάναντία

67 765 264 837 πηρετοῦσιν·
290 756 312 840 ἥ
335 779 370 822 τε
392 757 456 842 γάρ
479 754 615 840 εὐτυχία
639 755 701 820 ούκ
723 753 874 839 ἀσφαλής
896 755 986 820 ἐστιν
1010 755 1073 821 m

66 858 209 948 ,ῆάνομίᾳ
228 859 300 928 ἀλλ’
323 860 582 945 ἐπιβουλεύεται,
605 861 626 945 λλ
644 884 679 926 τε
699 862 860 945 δυστυχία
879 862 941 927 οὐκ
959 861 1047 927 ἀπω-

66 975 139 1032 ἐάται
161 967 245 1034 ἀλλά
267 970 465 1054 κρατύνεται
489 969 545 1032 διά
566 968 629 1050 την
650 967 805 1033 ἀπιστίαν
827 964 883 1033 καὶ
906 967 1045 1052 ἀμιξίαν.

114 1071 148 1140 Ὅ
165 1097 201 1140 τε
214 1076 357 1158 πόλεμος
376 1072 503 1152 ἔξωθεν
517 1077 644 1158 μᾶλλον
660 1071 815 1156 ἐποίχεται
832 1070 888 1137 καὶ
905 1073 926 1157 ἡ
942 1075 1046 1138 οίκεία

66 1180 143 1258 τάσις
174 1180 238 1246 άπὸ
269 1188 328 1264 τῆς
359 1180 462 1263 αὐτῆς
494 1180 613 1263 αίτίας,
646 1177 702 1244 καί
735 1179 794 1244 ἐάν
822 1181 866 1264 μὴ
894 1182 1046 1265 πρόσθεν

66 1285 197 1371 άγνηται,
225 1289 299 1352 τότε
327 1289 516 1371 συμβαίνει·
546 1288 584 1351 έν
610 1308 645 1351 τε
673 1286 841 1371 πράγμασι
869 1289 1087 1371 συμβαίνειν

66 1395 232 1459 κθεστάναι
263 1390 315 1458 ἀεὶ
346 1394 402 1458 διά
434 1391 612 1477 ἐπιβουλάς
643 1394 701 1469 τάς
733 1393 766 1473 ἐξ
797 1393 964 1477 ἀλλήλων,
999 1389 1042 1458 δι’

66 1514 132 1584 σπερ
150 1497 419 1585 εὐλαβουμένους
436 1521 472 1564 τε
493 1500 657 1566 διατελεῖν
674 1498 730 1565 καὶ
750 1499 1045 1583 άντεπιβουλεύον-

66 1629 88 1682 ις
108 1607 272 1698 ἀλλήλοις.

116 1712 182 1779 Καὶ
206 1713 283 1778 οὔτε
307 1711 526 1796 ἐγρηγορόσιν
545 1712 659 1796 ἡδείας
680 1713 738 1788 τάς
757 1712 940 1796 φροντίδας
959 1704 1045 1775 εἶναι

66 1820 105 1885 ὅτε
128 1820 161 1897 ές
183 1820 244 1885 τὸν
266 1819 375 1884 ύπνον
399 1816 636 1902 ἀπερχομένοις
657 1819 774 1903 ἡδεῖαν
791 1819 853 1900 τὴν
871 1816 1044 1901 ὑποδοχὴν
1061 1835 1085 1876 15

66 1927 111 1990 ,λδι
128 1924 336 2010 ἐνδείματον,
354 1925 415 2007 τήν
433 1946 468 1989 τε
489 1922 664 2010 ἀνέγερσιν
682 1927 833 2009 έμφοβον
851 1921 907 1988 καὶ
925 1931 1044 1988 πτοοῦ-

66 2057 91 2097 εν
121 2034 182 2098 τὸν
214 2032 399 2116 άνθρωπον
436 2028 489 2096 ἐπὶ
525 2034 655 2116 μνήμας
686 2041 797 2095 κακῶν
834 2028 1045 2108 ἐξαπιναίους

66 2159 134 2204 ειν·
158 2140 241 2224 άπερ
260 2138 296 2203 έκ
313 2146 371 2221 τῆς
389 2136 530 2221 ἀνομίας
546 2138 650 2202 ταῦτά
668 2159 702 2202 τε
725 2134 780 2202 καί
798 2138 838 2200 τά
860 2137 943 2200 ἀλλα
961 2138 1045 2201 κακά

89 2239 313 2331 προειρημένα
337 2244 466 2309 ἀπαντα
490 2242 673 2328 ἀποβαίνει.

115 2353 249 2416 Γίνεται
279 2347 317 2415 δὲ
344 2347 400 2414 καὶ
426 2348 447 2432 ἡ
475 2352 649 2435 τυραννίς,
681 2351 785 2416 κακδν
815 2352 978 2416 τοσοῦτόν
1009 2372 1044 2415 τε
1059 2369 1085 2409 νο

69 2454 270 2539 ὶτοιούτον,
296 2456 357 2521 οὐκ
381 2455 413 2533 ἐξ
436 2455 541 2521 άλλου
564 2457 655 2533 τινὸς
677 2455 698 2539 ἣ
722 2455 870 2541 ἀνομίας.
916 2463 1045 2524 οίονται

81 2587 170 2639 τινες
189 2574 255 2628 τῶν
275 2561 477 2647 ἀνθρώπων,
500 2562 573 2628 ὅσοι
592 2563 636 2648 μη
657 2562 769 2647 ὀρθῶς
787 2563 1043 2648 συμβάλλονται,

67 2692 195 2753 ραννον
224 2666 257 2747 ἐξ
285 2669 389 2733 άλλου
415 2669 507 2744 τινὸς
534 2671 763 2733 καθίστασθαι
793 2666 849 2732 κἀὶ
881 2671 960 2744 τοὺς
987 2667 1044 2732 ἀν-

66 2776 187 2851 ιώπους
210 2777 443 2859 στερίσκεσθαι
467 2782 525 2858 τῆς
548 2774 741 2859 ἐλευθερίας
765 2773 827 2837 οὐκ
850 2772 971 2849 αὐτοὺς
995 2776 1043 2838 αί-

66 2905 117 2958 ιυς
141 2882 251 2964 ὄντας,
276 2880 359 2945 ἀλλά
382 2878 584 2963 βιασθέντας
606 2879 671 2945 ὑπὸ
694 2887 756 2944 τού
779 2878 1045 2957 κατασταθέντος
1058 2898 1083 2939 νε

66 2988 210 3073 ρύννου,
245 2986 306 3052 οὐκ
337 2986 449 3072 ὀρθῶς
480 2995 584 3052 ταῦτα
611 2989 830 3070 λογιζόμενοι·
863 2986 953 3063 ὅστις
979 2989 1043 3070 γάρ

66 3105 154 3160 ἐϊται
177 3091 316 3176 βασιλέα
337 3092 358 3177 ἢ
381 3095 550 3177 τύραννον
573 3090 606 3170 ἐξ
631 3093 734 3159 άλλου
756 3093 848 3169 τινὸς
865 3094 1043 3175 γίγνεσθαι

68 3200 101 3280 ἐξ
127 3200 268 3284 ἀνομίας
286 3197 394 3265 τεκαὶ
412 3197 613 3281 πλεονεξίας,
638 3201 749 3284 μωρός
770 3198 870 3264 ἐστιν.
907 3198 1043 3265 ἐπειδάν

67 3332 86 3393 ρ
103 3307 247 3381 άπαντες
261 3303 314 3370 ἐπὶ
327 3308 446 3371 κακίαν
459 3306 659 3390 τράπωνται,
677 3308 752 3371 τότε
768 3312 867 3384 τοῦτο
882 3307 1041 3389 γίγνεται·

66 3532 72 3551 Ι
116 3470 151 3520 10
160 3481 200 3532 sq.
219 3458 363 3532 πράγμασι
381 3464 411 3517 ελ
429 3457 608 3517 καθεστάναι
625 3460 726 3518 Cobet:
750 3459 894 3532 πράγματι
913 3465 944 3517 et
959 3467 1043 3517 καθα·
1144 3479 1147 3483 ’

66 3554 129 3590 ιναι.
