2400 3930
124 126 170 190 50
534 123 724 180 IAMBLICHI

124 287 208 370 κύτη
241 288 301 370 τὴν
330 288 449 370 φύσιν,
482 284 538 352 καὶ
570 289 660 351 ἔστιν
692 284 746 352 ἐπὶ
773 296 818 374 τῷ
847 290 989 371 βοηθεῖν
1016 317 1020 353 2

124 395 392 479 παραλειπόμενα
415 400 474 475 τῆς
496 393 629 476 φύσεως
652 391 877 478 ἀναπληροῦν.
924 396 964 459 τά
992 392 1020 480 μ’

126 502 234 566 ἔοικεν
257 499 341 583 aim}
366 499 536 564 δύνασθαι
560 494 603 562 δι’
626 498 727 581 αὐτῆς
745 498 765 582 ἡ
785 500 887 583 φύσις
906 500 1020 566 έπιτελ.

126 607 286 690 βοηθείας
318 602 420 671 οὐδὲν
448 606 598 687 δεῖσθαι,
630 605 670 669 τά
702 603 739 669 <ll
769 607 864 689 μόλις
890 605 946 671 καὶ
972 628 1020 673 πα

99 712 321 795 ιάθυνατεϊν,
355 703 429 776 οἷον
457 711 573 776 αὐτίκα
602 707 657 775 καὶ
686 707 762 796 περὶ
790 712 848 788 τάς
874 712 1021 796 γενέσεις

127 816 188 903 μὲν
218 819 326 901 δήπου
356 827 423 881 τῶν
451 817 649 902 σπερμάτων
675 818 722 893 είς
754 815 874 882 ὁποίαν
903 817 989 902 <άν>
1016 851 1020 882 ι

127 933 191 1008 γῆν
214 924 295 988 άνευ
319 927 469 1008 φυλακῆς
492 935 672 1006 γεννῶσιν,
703 925 775 987 ἔνια
803 919 841 987 ll
867 926 1020 1007 προσόεῐι

127 1038 310 1117 χεωρχικῇς
331 1028 462 1115 τέχνης·
490 1032 726 1115 παραπλησίως
753 1026 791 1093 <ll
815 1027 961 1095 καὶτῶν
986 1035 1020 1118 ζμ

128 1135 190 1223 μὲν
218 1134 264 1201 δι’
292 1136 402 1203 αὑτῶν
430 1137 562 1201 ἅπασαν
590 1136 816 1219 ἀπολαμβάνει
843 1138 904 1220 την
932 1139 1020 1221 φύσι

89 1264 115 1302 10
128 1248 266 1328 θρωπος
289 1239 326 1307 δὲ
349 1245 483 1307 πολλῶν
501 1243 606 1307 ὀεῖται
629 1253 755 1325 τεχνῶν
773 1243 856 1329 πρὸς
875 1248 1020 1331 σωτηρία

128 1370 163 1411 τε
185 1349 248 1429 τὴν
270 1347 406 1433 πρώτην
433 1345 566 1430 γένεσιν
593 1343 648 1411 καλ
677 1349 778 1415 πάλιν
804 1352 886 1414 κατά
915 1351 1020 1435 τηνύ

129 1454 268 1538 τροφήν.
314 1452 345 1516 εί
372 1454 490 1518 τοίνυν
512 1452 534 1535 ἡ
556 1449 653 1536 τέχνη
678 1465 822 1537 μιμεῖται
844 1456 905 1538 τὴν
929 1458 1020 1541 φύσιν

129 1559 250 1642 ταύτης
276 1557 486 1641 ἠκολούθηκε
512 1555 568 1623 καὶ
595 1568 673 1635 ταῖς
698 1557 828 1642 τέχναις
857 1563 894 1625 τὸ
922 1562 984 1644 τὴν
1011 1586 1020 1644 χ

130 1665 263 1729 ἅπασαν
293 1661 388 1728 ἕνεκά
415 1686 475 1728 του
503 1667 689 1748 γίγνεσθαι.
734 1667 772 1729 τὸ
799 1667 863 1752 γάρ
891 1666 1004 1750 ὀρθῶς

91 1792 118 1833 15
132 1793 236 1855 μενον
258 1771 347 1836 άπαν
371 1769 467 1835 ἕνεκά
490 1793 550 1836 του
571 1773 748 1853 γίγνεσθαι
766 1774 907 1855 θείημεν
926 1773 976 1836 άν.
1019 1815 1020 1825 1

131 1879 169 1941 τό
192 1900 231 1960 χε
249 1881 366 1959 καλῶς,
391 1877 517 1962 ὀρθῶς·
539 1875 594 1943 καὶ
617 1878 654 1942 τὸ
678 1873 739 1960 μὲν
761 1880 962 1963 γιγνόμενον
985 1884 1020 1962 χλ

130 1983 249 2068 γέγονε
278 1980 315 2049 δὲ
342 1984 379 2048 τὸ
412 1985 550 2067 γεγονὸς
577 1985 614 2048 τό
641 2007 679 2067 γε
712 1985 778 2068 μὴν
809 1987 890 2049 κατά
923 1987 1020 2070 φύσιν

130 2095 253 2174 καλῶς,
286 2096 377 2176 είπερ
410 2092 447 2155 τὸ
479 2090 567 2174 παρά
599 2090 703 2173 φύσιν
737 2092 868 2172 φαῦλον
895 2089 951 2155 καὶ
983 2101 1020 2179 τςέ

132 2199 237 2281 φύσιν
251 2219 323 2259 *ε*
337 2194 467 2280 γένεσις
489 2195 584 2261 ἕνεκά
607 2218 667 2260 του
686 2196 843 2278 γίγνεται.
885 2195 1019 2263 καὶτοῦ

91 2322 119 2362 ιο
132 2325 181 2378 τις
204 2301 247 2365 ὀλν
272 2300 329 2365 καλ
357 2295 415 2384 ἀφ’
442 2299 582 2367 ἑκάστου
605 2312 672 2365 τῶν
695 2301 732 2365 έν
760 2300 840 2386 ἡμῖν
863 2313 986 2388 μερῶν·
1019 2347 1020 2355 1

132 2415 307 2501 κατανοοίς
334 2407 371 2470 τὸ
395 2404 583 2493 βλέφαρον,
612 2407 697 2484 ίόοις
725 2405 767 2472 άν
791 2407 835 2483 ῶς
862 2408 903 2472 οὐ
931 2409 1020 2494 μάτη

132 2514 293 2596 βοηθείας
310 2512 409 2598 χάριν
428 2522 495 2578 τῶν
510 2512 665 2598 ὀμμάτων
679 2512 829 2597 γέγονεν,
849 2514 937 2592 ὅπως
956 2516 1020 2581 άνά

132 2642 167 2684 τε
190 2617 315 2704 παρέχη
339 2615 395 2684 καλ
412 2619 524 2704 κωλύη
542 2620 582 2684 τά
600 2621 849 2702 προσπίπτοντα
870 2623 952 2707 πρὸς
974 2625 1020 2706 τηι

133 2726 258 2793 ούκούν
285 2725 408 2791 ταύτόν
436 2725 526 2791 ἐστιν
554 2721 595 2791 οὗ
628 2748 663 2790 τε
691 2725 786 2791 ἕνεκα
816 2726 936 2811 γέγονέ
960 2751 993 2793 τι
1019 2787 1020 2791 ,

91 2851 118 2891 2⁵
132 2832 228 2899 ἕνεκα
257 2833 311 2897 δεῖ
334 2831 524 2916 γεγονέναι·
555 2825 629 2897 οἷον
657 2833 689 2895 εί
713 2836 832 2897 πλοῖον
856 2832 952 2898 ἕνεκα
978 2843 1017 2917 τη

131 2939 304 3003 θάλατταν
317 2940 457 3022 κομιδῆς
470 2939 538 3003 ἔδει
551 2941 740 3021 γίγνεσθαι,
761 2939 817 3003 ὀιά
831 2948 929 3004 τοῦτο
944 2938 999 3004 καλ
1017 2970 1020 3023 2

131 3043 187 3110 καλ
215 3045 282 3129 μην
304 3044 344 3109 τά
371 3068 409 3128 γε
434 3047 498 3132 ζῶα
521 3053 589 3109 τῶν
616 3044 716 3128 φύσει
747 3047 803 3128 <τε
830 3041 885 3109 καὶ
912 3047 1020 3110 κατά

222 3198 270 3257 6
253 3223 288 3256 αν
304 3200 447 3258 eddiditK
460 3201 471 3270 ΙΙ
486 3207 518 3256 17
532 3199 659 3270 χεχονός·
674 3199 705 3255 τό
745 3207 827 3269 lsssq
840 3205 944 3288 post
916 3206 954 3254 τῶ
970 3222 1020 3256 κατ

132 3272 262 3328 lacunam
281 3272 404 3342 signavit
417 3271 516 3326 Vitelli
529 3273 694 3341 explendam
730 3268 914 3327 ἐναντίον.
900 3293 918 3340 η
936 3257 987 3327 οὖν
1001 3295 1018 3327 κ

132 3345 217 3433 ριν)
216 3343 262 3397 vel
278 3345 388 3430 plenius
406 3337 441 3415 (ἒ
443 3344 570 3399 ναντίον·
594 3341 622 3397 εί
638 3341 671 3397 δὲ
690 3343 793 3430 καλῶς,
808 3338 914 3412 ὀρθῶς·
940 3343 968 3397 εί
989 3343 1020 3399 δὲ

133 3413 219 3468 ένεκά
237 3432 295 3468 του.
327 3408 426 3468 άπασα
444 3405 496 3468 ούν
514 3409 620 3496 ἡκατα
640 3409 793 3496 φύιτιν>ιε
779 3431 863 3482 ηροο
877 3413 915 3484 τῷ
933 3415 1020 3484 serips

132 3491 166 3538 27
187 3502 215 3538 τε
235 3482 283 3537 καὶ
301 3480 373 3538 κατά
393 3479 480 3552 φύσιν
498 3483 610 3539 eddidit
628 3483 734 3540 Vitelli.
