2400 3930
467 154 686 211 PRAEFATIO.
1059 157 1085 211 V

70 318 125 383 vel
161 318 293 382 omnino
327 318 600 402 praetermitteret
631 319 683 383 vel
715 317 800 382 libro
828 316 1004 382 Parisiensi
1032 316 1085 383 ad·

70 423 228 489 scriberet
247 421 310 510 (ex.
324 444 372 509 gr.
385 448 415 509 p.
433 424 562 509 110,15
582 425 686 506 ὄγκου
706 423 767 506 [sic
786 423 884 489 etiam
899 424 967 490 cod.
981 424 1082 505 Flor.]

70 551 132 613 pro
157 527 277 614 οἴκου).

140 633 259 699 Latina
282 633 380 698 etiam
403 633 595 719 Xiesslingii
618 634 862 718 interpretatio,
889 656 1085 718 quamquam

70 741 171 826 longe
196 743 366 824 exsuperat
387 740 536 806 bonitate
556 741 767 806 Arcerianam
791 763 855 824 qua
877 740 959 805 nihil
976 744 1086 824 potest

71 868 144 912 esse
170 845 371 928 mendosius,
402 847 553 911 omnibus
575 847 719 912 numeris
743 847 894 912 absoluta
916 846 951 910 in
973 847 1085 912 Plato-

70 953 155 1019 nicis
163 950 189 1037 ¹)
220 952 413 1035 praesertim
445 955 479 1017 et
507 951 727 1018 Aristotelicis
761 952 920 1036 excerptis
950 953 1085 1019 iudicari

71 1059 196 1144 nequit.
241 1058 293 1122 Ab
322 1080 361 1123 ea
387 1062 499 1123 tamen
525 1080 577 1124 me
605 1080 675 1124 esse
704 1058 849 1124 adiutum
876 1059 1015 1144 ingenue
1038 1059 1086 1123 fa·

69 1169 156 1249 teor3
175 1185 278 1248 neque
292 1164 491 1250 Kiesslingio
512 1169 587 1230 sunt
607 1165 716 1230 omnia
730 1164 810 1230 vitia
826 1164 1001 1250 opprobrio
1015 1186 1085 1231 ver-

71 1270 181 1354 tenda,
204 1291 276 1335 cum
299 1270 362 1335 loci
385 1271 537 1354 permulti
555 1271 700 1356 graviter
721 1271 862 1356 corrupti
880 1293 983 1356 neque
1002 1271 1086 1337 verti

71 1397 179 1462 neque
202 1376 350 1461 intellegi
373 1377 441 1442 ullo
466 1377 561 1442 modo
584 1381 728 1462 possent.

139 1482 252 1572 Longe
271 1483 407 1549 meliora
425 1505 476 1548 me
494 1485 699 1569 praestitisse
717 1485 752 1548 in
771 1484 912 1549 editione
927 1505 999 1548 mea
1014 1484 1083 1548 sine

71 1589 280 1674 arrogantiae
308 1589 444 1655 crimine
471 1589 633 1655 affirmare
661 1613 808 1675 possum,
837 1590 996 1674 siquidem
1018 1613 1086 1656 non

77 1717 117 1760 ex
140 1695 272 1780 ingenio
296 1700 329 1761 et
351 1697 499 1763 doctrina
518 1696 651 1762 editoris
670 1696 751 1762 haec
769 1699 841 1762 laus
861 1698 1005 1782 accessit,
1029 1698 1106 1762 sed·

71 1823 112 1866 ex
146 1801 266 1866 virtute
296 1803 415 1869 codicis
444 1803 626 1868 Florentini
654 1801 822 1890 (Laurent.
845 1802 1027 1882 LXXXVI,
1051 1805 1086 1889 33

73 1907 115 1974 cf.
144 1905 285 1974 Bandini
308 1909 371 1993 III,
393 1910 458 1976 286
479 1931 526 1993 sq.
564 1908 680 1994 Cobet,
712 1907 881 1975 Mnemos.²
904 1909 937 1974 II
961 1910 1087 1994 [1874]‚

75 2012 141 2077 261
157 2034 226 2097 sqq.
253 2013 368 2080 Nauck
390 2017 410 2080 l.
433 2037 458 2081 c.
482 2039 512 2100 p.
531 2013 674 2078 XXXIII
688 2014 787 2100 sqq),
815 2036 911 2098 quern
939 2015 1087 2098 archety-

74 2141 155 2202 pum
185 2141 255 2184 esse
283 2121 425 2186 omnium
454 2124 615 2207 quotquot
642 2122 755 2184 extant
782 2119 940 2183 librorum
963 2119 1086 2203 primus

75 2224 180 2290 edixit
207 2222 364 2310 Oobetus,
396 2226 591 2292 firmissimis
620 2229 742 2309 autem,
770 2230 807 2289 ut
834 2223 964 2309 opinor,
992 2245 1086 2310 argu·

72 2331 193 2396 mentis
222 2332 292 2414 ipse
316 2332 539 2397 demonstrare
562 2335 698 2398 conatus
723 2353 794 2396 sum
818 2332 903 2397 Mus.
927 2333 993 2398 Ital.
1017 2332 1037 2397 l.
1062 2355 1087 2398 c.

73 2460 105 2522 p.
125 2437 190 2503 457
207 2459 276 2523 sqq.
311 2436 494 2503 Florentini
517 2438 620 2523 igitur
643 2437 812 2522 archetypi
836 2460 895 2521 ope
918 2439 1087 2504 innumera

73 2543 159 2608 vitia
191 2547 267 2609 sunt
299 2545 428 2609 sublata
460 2544 511 2610 vel
544 2545 660 2609 saltem
688 2545 828 2629 detecta,
861 2549 995 2609 manent
1022 2546 1087 2609 alia

74 2672 161 2734 quae
175 2649 307 2714 meliore
321 2671 407 2714 nunc
422 2671 477 2732 spe
491 2648 568 2714 licet
582 2653 755 2733 procurent
769 2650 930 2735 ingeniosi
939 2650 1087 2715 homines

75 2756 117 2820 de
140 2754 261 2819 tradita
284 2755 447 2838 scriptura
470 2751 618 2841 edocti2).
654 2755 814 2839 Equidem
837 2775 903 2819 non
926 2755 988 2819 hoc
1007 2755 1088 2819 mihi

148 2969 175 3034 1)
192 2965 226 3018 In
244 2964 396 3020 Platonicis
419 2965 558 3034 excerptis
579 2964 706 3019 Ficinum
726 2966 770 3018 est
792 2965 955 3034 plerumque
975 2968 1085 3019 secutus

71 3052 262 3122 Kiesslingius
278 3052 323 3123 (cf.
338 3052 428 3108 Praef.
442 3071 471 3123 p.
486 3053 557 3123 XV),
579 3053 622 3108 ita
639 3054 672 3107 ut
690 3053 815 3108 locorum
830 3070 899 3121 quos
915 3050 1087 3107 lamblichus

72 3140 238 3210 mutaverit,
257 3141 344 3196 immo
362 3157 429 3197 vero
449 3141 612 3211 corruperit,
631 3141 739 3196 nullam
757 3141 894 3197 rationem
909 3141 938 3195 in
951 3141 1087 3210 interpre-

71 3231 183 3288 tatione
201 3231 326 3285 haberet

147 3321 176 3388 2)
200 3316 309 3373 Cchcis
333 3317 487 3374 Florentini
510 3318 647 3375 lectiones
674 3319 785 3374 tantum
812 3335 868 3373 non
896 3335 992 3375 omnes
1015 3317 1087 3373 iam-

74 3407 182 3464 dudum
196 3405 303 3475 publici
317 3405 385 3461 iuris
399 3407 525 3461 fecerant
538 3406 660 3462 (lobetus
676 3408 731 3476 (cp.
746 3405 816 3475 cit),
835 3406 959 3462 Hillerue
978 3408 1006 3477 (J
1011 3408 1088 3461 ahr-

73 3496 208 3551 bdcher
228 3493 273 3547 fur
291 3493 363 3548 Phil.
383 3493 456 3550 CVII
476 3495 586 3567 [1873]‚
604 3514 632 3566 p.
647 3501 699 3550 387
714 3497 779 3564 sq),
803 3494 934 3550 Vitellius
953 3495 1042 3565 (Mac.
1057 3495 1087 3549 a.
