2430 3930
367 149 658 226 Ῥιωωιεεωουε
678 174 710 238 (0.
726 170 810 241 ων).
937 117 944 131 l
1063 175 1105 240 75

88 337 135 413 ὡς
158 335 266 417 δοκεῖ,
296 335 337 398 τά
361 328 394 398 δ’
421 333 457 399 ἐν
480 330 581 398 ποσὶν
604 332 737 416 ἀγνοῶν
759 356 795 399 τε
817 332 872 399 καὶ
896 335 933 400 έν
957 334 1107 415 ἑκάστοις

90 441 236 523 ἀπορῶν.
283 441 364 505 όταν
399 437 439 505 δέ
468 439 509 522 γέ
537 462 613 504 τινα
645 439 745 517 αὐτὸς
777 437 898 527 ἕλκύση
932 443 1016 525 ἀνω,
1051 441 1107 508 καὶ

90 547 235 632 ἐθελήσῃ
259 570 309 624 τις
332 546 422 636 αὐτῷ
447 532 583 630 ἐκβῆναι
606 545 641 610 ἐκ
666 555 727 611 τοῦ
753 550 801 611 Τί
820 546 894 630 ἐγὼ
918 544 961 613 σὲ
984 547 1106 614 ἀδικῶ

91 653 110 738 ἢ
144 655 191 719 σὺ
225 651 304 738 έμές
343 654 391 729 είς
423 650 541 730 σκέψιν
574 647 616 717 αὖ
648 661 705 736 της
738 652 953 737 δικαιοσύνης
984 677 1019 719 τε
1051 652 1106 719 καὶ

91 759 237 842 ἀδικίας,
264 761 300 823 τί
323 782 358 824 τε
382 757 537 844 ἑκάτερον
561 758 677 823 αὐτοῖν
700 756 756 823 καὶ
778 761 813 823 τί
837 770 904 824 τῶν
927 760 1062 826 πάντων
1085 760 1133 844 115

44 885 80 927 ιιι.
94 865 248 949 ἀλλήλων
271 863 484 951 διαφέρετονς
508 863 528 948 ἦ
553 864 588 929 ἐκ
610 872 672 930 τοῦ
695 866 744 930 Ee
764 868 951 947 βασιλεὺς
974 866 1107 932 εὐδαί-

93 995 173 1057 μων
192 969 431 1055 κεκτημένος
449 973 549 1036 πολὺ
572 973 754 1055 χρυσίον,
777 970 1013 1054 [1]·βασιλείας
1030 972 1106 1057 πέρι

92 1075 146 1142 καὶ
169 1076 389 1163 ἀνθρωπίνης
406 1077 491 1154 ὅλως
512 1077 725 1161 εὐδαιμονίας
747 1073 802 1141 καὶ
822 1076 1020 1160 ἀθλιότητος
1038 1077 1106 1143 έπέ-

93 1193 222 1267 σκεάιυ,
246 1186 331 1249 ποίω
353 1181 391 1248 τέ
405 1206 476 1248 τινε
495 1181 593 1247 ἐστὸν
610 1180 665 1247 καὶ
683 1185 759 1248 τίνα
777 1185 902 1268 τρόπον
921 1183 1106 1268 ἀνθρώπου

93 1290 194 1374 φύσει
216 1292 376 1375 προσήκει
398 1290 436 1354 τὸ
459 1284 520 1374 μὲν
542 1292 730 1372 κτήσασθαι
753 1288 881 1372 αὐτοίν,
904 1290 941 1353 τὸ
966 1286 1003 1355 δὲ
1026 1290 1106 1355 ἀπο·
1121 1312 1147 1352 ιο

92 1406 225 1480 φυγεῖν,
249 1433 293 1442 -
315 1393 391 1481 περὶ
419 1395 553 1460 πάντων
582 1395 711 1460 τούτων
740 1394 820 1459 όταν
849 1390 892 1460 αὖ
921 1395 980 1481 δέη
1004 1400 1107 1480 λόγον

92 1504 227 1568 διδόναι
254 1503 314 1567 τὸν
343 1503 485 1586 σμικρὸν
512 1500 641 1575 ἐκεῖνον
668 1501 729 1584 τὴν
759 1502 871 1585 ψυχὴν
898 1499 954 1567 καὶ
976 1503 1106 1587 δριμὺν

92 1605 145 1672 καλ
174 1609 363 1695 δικανικόν,
392 1609 492 1673 πάλιν
520 1603 563 1672 αὖ
589 1609 629 1672 τά
658 1606 862 1693 ἀντίστροφα
890 1607 1106 1673 ἀποδίδωσιν.

93 1714 245 1796 ἰλιγγιῶν
270 1736 305 1778 τε
333 1713 397 1778 ἀπὸ
423 1713 555 1797 ὑψηλοῦ
577 1710 777 1800 κρεμασθεὶς
799 1711 854 1777 καὶ
877 1711 1009 1797 βλέπων
1033 1739 1107 1799 μετ-

44 1843 45 1850 *
93 1818 195 1907 έωρος
217 1821 354 1886 ἀνωθεν
377 1820 441 1885 ὑπὸ
466 1819 605 1903 ἀηθείας
633 1819 812 1904 ἀδημονῶν
834 1841 869 1883 τε
891 1817 948 1884 καὶ
971 1820 1107 1906 ἀπορῶν
1121 1839 1147 1879 15

44 1945 81 1988 οε
93 1925 146 1991 καὶ
170 1929 381 2012 βαρβαρίζων
400 1924 526 2010 γέλωτα
545 1923 708 2012 Θρᾴτταις
730 1921 791 2008 μὲν
810 1924 851 1988 οὐ
874 1923 1010 2010 παρέχει
1029 1924 1102 1992 οὐδ’

94 2034 181 2121 ἀλλην
206 2031 393 2119 ἀπαιδεύτῳ
418 2033 537 2098 οὐδενί
558 2028 652 2118 (οὐδὲ
674 2034 738 2116 γάρ
763 2032 1010 2118 αἰσθάνονται),
1038 2043 1108 2110 τοῖς

95 2136 129 2203 δὲ
152 2137 314 2214 ἐναντίως
331 2137 351 2222 ἢ
371 2139 416 2214 ῶς
438 2138 663 2223 ἀνδραπόδοις
685 2145 840 2222 τραφεῖσι
861 2144 972 2202 πᾶσιν.
1010 2133 1108 2215 οὗτος

95 2246 133 2329 δη
165 2243 323 2329 ἑκατέρου
355 2247 478 2330 τρόπος
512 2253 570 2328 τῆς
608 2247 702 2328 ζωῆς·
739 2243 756 2309 ὁ
790 2240 852 2327 μὲν
886 2251 932 2331 τῷ
966 2244 1039 2308 όντι
1071 2243 1108 2309 ἐν

96 2351 269 2438 ἐλευθερίᾳ
301 2373 336 2416 τε
365 2349 421 2416 καὶ
453 2355 554 2434 σχολῇ
586 2346 835 2435 τεθραμμένου,
869 2349 909 2414 ὃν
942 2351 982 2434 δη
1012 2350 1106 2436 (δεῖ)
1122 2369 1148 2409 2⁰

44 2475 85 2517 αις.
97 2459 284 2542 φιλόσοφον
307 2461 432 2539 καλείν,
457 2447 527 2544 (P)
550 2453 753 2539 ἀνεμέσητον
777 2454 893 2538 εὐηθει
917 2457 1030 2522 δοκεῖν
1052 2455 1108 2524 καὶ

99 2561 209 2628 οὐδενὶ
237 2557 337 2646 εἶναι,
369 2562 450 2627 ὅταν
478 2563 525 2639 είς
552 2562 691 2627 δουλικὰ
719 2560 842 2648 έμπέση
871 2563 1107 2648 διακονήματα,

100 2662 167 2734 οἷον
190 2671 490 2757 στρωματόδεσμον
518 2669 562 2752 μὴ
591 2665 812 2752 ἐπισταμένου
836 2669 1108 2734 συσκευάσασθαι

102 2773 177 2860 μηδὲ
200 2777 288 2854 όψον
310 2776 434 2859 ἡδῦναι
456 2774 477 2859 d
500 2781 618 2852 θῶπας
645 2776 780 2857 λόγους·
809 2773 826 2837 ὁ
856 2767 887 2837 δ’
914 2768 956 2837 αὖ
973 2775 1023 2838 ’τά
1046 2771 1108 2858 μὲν

102 2892 229 2947 τοιαῦτα
262 2883 369 2947 πάντα
402 2869 592 2965 δυναμένου
619 2890 725 2966 τορῶς
752 2876 898 2963 θατέρου
926 2877 982 2943 καλ
1009 2878 1108 2958 ὀξέως
1123 2900 1148 2939 25

105 2987 280 3072 διακονεῖν,
314 2988 563 3071 ἀναβάλλεσθαι
596 2984 676 3069 <δὲ>
711 2986 773 3051 οὐκ
805 2984 1025 3068 ἐπισταμένου
1055 2984 1108 3050 ἐπὶ

186 3223 201 3272 7
222 3209 240 3284 ἢ
260 3215 364 3271 delevi:
384 3232 419 3270 an
436 3217 550 3286 χρυσίον
564 3206 591 3286 ᾖ,
610 3215 691 3286 βασῖ
705 3215 744 3283 119
764 3213 793 3269 τέ
813 3232 871 3267 τινε
886 3211 946 3266 PA:
966 3210 999 3281 γέ
1012 3231 1086 3275 τινες
1099 3213 1109 3286 11

110 3324 136 3374 10
148 3321 244 3377 αάτοῖν
253 3322 313 3378 PK:
330 3318 419 3392 αὐτὴν
433 3324 442 3392 11
458 3329 490 3377 13
505 3320 590 3376 πάλιν
605 3313 642 3375 αὖ
656 3318 690 3374 τά
701 3319 760 3374 AP:
774 3298 859 3374 πάλίά
869 3315 943 3374 αὐτά
957 3320 966 3388 1
982 3324 1014 3372 18
1028 3314 1109 3375 ἀναν·

109 3392 162 3455 τίως
182 3395 242 3450 PK:
268 3391 408 3456 ἐναντίοις
425 3397 435 3463 11
453 3399 487 3448 20
511 3387 544 3448 ὃν
567 3395 617 3447 δεῖ
636 3409 670 3446 ex
693 3407 789 3461 apogr.
813 3389 868 3445 ciz.
892 3391 930 3446 K:
954 3407 990 3444 an
1013 3396 1109 3454 καλεῖς

111 3475 161 3517 cum
178 3464 217 3520 P?
232 3466 288 3534 121
309 3456 330 3535 ᾧ
355 3481 389 3518 ex
407 3463 429 3517 P
448 3463 558 3519 addidit
577 3463 624 3535 Α11
643 3469 676 3518 23
696 3458 885 3531 ἐπισταμένου
905 3478 939 3516 ex
956 3463 978 3516 P
998 3463 1107 3533 scripsi:

112 3524 301 3606 ἐπισταμένους
314 3537 323 3605 11
336 3540 371 3589 25
390 3534 529 3606 θατέρου]
547 3555 576 3590 τε
595 3534 714 3604 ΡΑ1126
734 3530 766 3588 δὲ
786 3549 820 3588 ex
838 3532 859 3585 P
878 3533 989 3587 addidit
1008 3533 1040 3587 K.
