2400 3930
127 126 170 190 62
533 125 724 182 lAMBLICHI

128 288 269 353 δύναται
292 287 474 372 ἀφεστάναι
498 287 616 370 αὐτοῦ,
645 289 727 373 πρὸς
751 284 788 353 δὲ
810 288 872 372 τὴν
895 288 1008 371 ψυχὴν
1030 287 1120 369 τετρά-

127 401 224 478 φθαι.
265 391 321 459 καὶ
344 393 381 459 ἐν
404 404 474 470 τοῖς
496 395 661 471 τοιούτοις
684 389 746 459 οὖν
766 395 866 477 δῆλός
889 393 980 459 ἐστιν
1004 393 1022 458 ὁ
1045 394 1120 477 φιλά

128 515 234 584 σοφος
262 499 417 565 ἀπολύων
445 500 496 565 ὅτι
519 499 658 584 μάλιστα
685 501 747 584 τὴν
769 501 881 585 ψυχὴν
909 499 974 566 ἀπὸ
1002 507 1057 583 τῆς
1077 506 1120 563 τοῦ

128 606 278 690 σώματος
294 608 471 684 κοινωνίας
485 607 713 692 διαφερόντως
726 617 794 670 τῶν
808 607 919 672 ἀλλων
940 606 1118 690 ἀνθρώπων.

102 711 183 778 ικαὶ
208 714 302 778 δοκεῖ
325 711 367 797 γί
385 732 452 778 που
475 713 531 778 aa&
558 721 656 778 τοῦτο
684 723 754 790 τοῖς
776 717 913 789 πολλοῖς
935 711 1116 797 ἀνθρώποις,

129 810 155 904 ᾧ
179 815 284 901 μηδὲν
306 818 372 902 ἡδὺ
394 829 461 884 τῶν
483 820 646 885 τοιούτων
669 816 753 904 μηδὲ
775 816 902 903 μετέχει
925 818 1049 900 αὐτῶν,
1074 814 1117 880 οὐκ

128 922 222 1002 ἀξιον
246 919 332 990 εἶναι
356 928 427 1009 ζῆν,
458 922 529 989 ἀλλ’
557 925 655 1007 ἐγγύς
683 948 716 990 τι
742 927 864 990 τείνειν
891 932 953 989 τοῦ
981 923 1115 988 τεθνάναι

129 1029 147 1096 ὁ
170 1026 276 1114 μηδὲν
300 1033 487 1116 φροντίζων
515 1041 582 1096 τῶν
609 1030 742 1114 ἡδονῶν
771 1034 809 1095 αἳ
830 1031 885 1095 διά
907 1038 970 1094 τοῦ
993 1026 1115 1111 σώματός

129 1138 202 1202 είσι.
247 1136 302 1202 καλ
334 1138 399 1220 μὴν
435 1139 515 1223 περί
546 1160 584 1219 γε
621 1136 725 1219 αὐτὴν
756 1137 818 1219 τὴν
854 1144 911 1218 τῆς
946 1136 1114 1221 φρονήσεως

55 1261 58 1268 ·
89 1260 115 1299 10
128 1251 244 1325 κτῆσιν
267 1242 427 1325 ἐμπόδιον
449 1244 487 1306 τὸ
511 1251 615 1324 σῶμα,
640 1242 699 1306 ἐάν
721 1264 771 1319 τις
794 1241 874 1306 αὐτὸ
898 1240 935 1307 ἐν
953 1249 993 1325 τῇ
1012 1240 1114 1323 ζητήσει

129 1347 295 1411 κοινωνὸν
328 1347 646 1432 σνμπαραλαμβάνχχ.
699 1341 773 1413 οἷον
803 1349 841 1413 τὸ
877 1348 1009 1413 τοιόνδε
1041 1343 1113 1426 λέγω

130 1453 192 1518 οὐκ
211 1455 277 1537 ἔχει
300 1452 463 1536 ἀλήθειάν
481 1477 556 1517 τινα
581 1455 656 1530 ἀφις
678 1477 714 1518 τε
736 1452 792 1521 καὶ
810 1453 892 1537 ἀκοὴ
916 1464 987 1530 τοῖς
1009 1447 1115 1533 ἀνθρίε

128 1579 217 1636 ποις·
240 1559 280 1624 τά
298 1560 362 1645 γάρ
380 1567 517 1624 τοιαῦτα
535 1559 571 1624 ολ
591 1558 724 1643 ποιηταὶ
743 1556 794 1625 ἀεὶ
816 1559 897 1643 ἡμῖν
919 1563 1115 1644 θρυλλοῠσιν,

130 1667 181 1731 ὅτι
205 1667 281 1731 ούτε
304 1665 469 1749 ἀκούομεν
492 1662 625 1750 ἀκριβὲς
643 1664 744 1732 οὐδὲν
763 1667 840 1731 ούτε
859 1666 997 1751 ὁρῶμεν.
1033 1664 1116 1728 καίτοι

90 1791 116 1831 15
131 1773 162 1838 εί
187 1767 285 1837 αὗται
312 1782 379 1837 τῶν
406 1769 481 1856 περὶ
509 1773 546 1836 τὸ
579 1781 673 1856 σῶμα
701 1773 893 1855 αἰσθήσεων
923 1773 967 1855 μὴ
996 1770 1116 1854 ἀκριβεῖς

131 1880 196 1945 είσι
219 1875 302 1963 μηδὲ
325 1889 457 1963 σαφεῖς,
483 1884 585 1964 σχολῇ
609 1878 646 1943 αλ
665 1902 702 1960 γε
726 1879 836 1945 ἀλλαι·
863 1886 967 1943 πᾶσαι
988 1877 1051 1961 γάρ
1069 1891 1116 1938 τον

130 1986 259 2051 τούτων
282 1986 488 2070 φαυλότεραί
508 1987 601 2051 εἰσιν.
644 1984 769 2050 ούκοῦν
788 1984 856 2067 είὴ
875 1985 965 2069 ψυχὴ
988 1992 1045 2067 τῆς
1060 1979 1116 2045 ἀλ·

130 2097 226 2170 θείας
245 2092 476 2176 ἀποτυγχάνει,
500 2092 580 2157 ὅταν
598 2091 680 2175 μετά
697 2099 757 2155 τοῦ
777 2091 927 2174 σώματος
946 2089 1082 2175 ἐπιχειρῇ
1096 2104 1117 2148 τι

132 2209 267 2264 σκοπεῖν
297 2196 417 2284 (δῆλον
439 2199 503 2281 γάρ
531 2199 582 2262 ὅτι
608 2199 682 2262 τότε
710 2196 905 2275 ἐξαπατᾶται
927 2194 984 2261 ὑπ’
1012 2188 1118 2274 αὐτοῦ),

91 2325 117 2364 20
130 2306 262 2381 πάντως
292 2325 359 2368 που
391 2302 428 2368 ἐν
459 2312 504 2390 τῷ
542 2305 747 2386 λοχίζεσθαι,
779 2309 871 2388 εἴπερ
905 2323 972 2368 που
1009 2303 1118 2375 άλλοάι,

130 2410 318 2491 κατάδηλον
341 2408 423 2492 αὐτῇ
446 2411 598 2490 γίγνεταί
616 2432 648 2473 τι
670 2420 738 2474 τῶν
760 2410 877 2473 ὄντων.
919 2410 1076 2491 λογίζεται
1092 2393 1120 2466 λε’

130 2513 171 2597 γε’
186 2534 252 2579 που
270 2516 344 2579 τότε
361 2513 528 2597 κάλλιστα,
548 2513 628 2579 ὅταν
643 2514 747 2598 αὐτὴν
765 2514 894 2579 τούτων
913 2510 1019 2598 μηδὲν
1036 2529 1120 2596 παρα·

130 2625 232 2706 λυπῇ,
261 2622 341 2704 μήτε
369 2618 450 2703 ἀκοὴ
478 2622 558 2703 μήτε
585 2622 662 2697 ὄφις
690 2622 768 2704 μήτε
796 2618 953 2701 ἀλγηδὼν
980 2617 1063 2705 μηδέ
1082 2631 1120 2686 τις

129 2729 250 2812 ἡδονή,
283 2721 355 2792 ἀλλ’
387 2725 437 2791 ὅτι
465 2726 606 2811 μάλιστα
636 2725 717 2809 αὐτὴ
745 2719 824 2791 καθ’
851 2724 956 2809 αὐτὴν
986 2728 1120 2809 φύχνιμνλ

90 2852 116 2894 ει
130 2832 217 2899 ἐῶσα
235 2837 363 2920 χαίρειν
382 2835 419 2898 τὸ
439 2844 542 2918 σῶμα,
561 2830 617 2897 καὶ
635 2834 785 2897 καθόσον
800 2832 941 2915 δύνηται
959 2833 1003 2917 μὴ
1021 2848 1120 2897 κοινω

129 2948 236 3006 νοῦσοι
259 2941 348 3028 αὐτῷ
367 2937 452 3024 μηδὲ
474 2937 639 3022 ἁπτομένη
664 2936 817 3024 ὀρέγηται
840 2946 901 3003 τοῦ
920 2939 1025 3016 ὄντος.
1060 2934 1120 3002 οάν

130 3056 192 3114 οῦν
228 3044 283 3113 καὶ
319 3046 467 3112 ἐνταῦθα
504 3046 524 3128 ἡ
557 3053 617 3110 τοῦ
653 3047 844 3129 φιλοσόφον
878 3046 968 3129 ψυχὴ
999 3045 1120 3129 μάλιστι

130 3155 274 3240 ἀτιμάζει
296 3154 333 3218 τὸ
358 3162 450 3237 σῶμα
468 3149 523 3237 καὶ
547 3152 663 3236 φεύγει
681 3145 736 3215 ἀπ’
758 3151 871 3233 αὐτοῦ,
897 3153 986 3234 ζητεῖ
1002 3148 1039 3216 δὲ
1056 3146 1120 3214 αύτ·

129 3260 207 3325 καθ’
235 3261 339 3345 αὑτὴν
362 3261 548 3342 γίγνεσθαι.

211 3492 248 3540 22
265 3507 324 3541 πον
343 3485 408 3543 τότε
427 3484 489 3541 PK}
508 3489 565 3540 ποῦ
585 3485 646 3554 ἀεὶά,
664 3504 731 3539 ποτε
742 3488 802 3553 ἀλλ)
820 3481 939 3537 δύναται
957 3483 987 3537 Ρ.
