2400 3930
125 177 166 241 18
487 197 491 205 ·
536 157 737 230 IAMBLIOHI'

123 336 276 422 ὑπερέχει
308 340 411 421 λόγου
442 337 497 403 καὶ
531 338 681 412 διανοίας
710 334 766 402 καὶ
797 345 869 412 ταῖς
902 329 1076 417 άπλουστέρ

125 437 253 509 τούτων
282 444 504 530 ἐπιβλητικαίς
531 444 667 525 νοήσεσι
694 443 735 506 τά
762 442 843 506 ὄντα
871 448 1008 525 θεωρεῖ,
1034 438 1067 502 τά

126 550 237 634 ἀγαθά
264 553 371 635 κρίνει
399 549 457 634 ἀφ’
485 547 603 632 ἑαυτῆς
624 546 679 613 καὶ
703 547 845 613 ἐπιτελεῖ
866 548 903 613 ἐν
929 547 1039 631 ἑαυτῇ,
1065 570 1076 608 ι

126 682 161 722 τε
184 668 315 740 νοητῶν
339 655 429 721 ἐστιν
448 657 525 732 ὄψις
547 652 602 720 καὶ
626 654 768 738 δύναμις
790 664 857 718 τῶν
879 653 1060 718 θειοτάτων

100 762 340 828 ετελειοτάτοον
373 761 549 843 ἐνεργειῶν
581 760 732 845 ὑπάρχει·
769 768 868 825 τοῦτο
902 754 934 823 δ’
970 755 1027 841 αὖ,
1058 783 1076 823 ει

126 871 219 952 ήίιος
242 868 449 953 ὀφθαλμός
472 866 555 933 ἐντι
577 865 641 933 καὶ
664 868 767 952 ψυχά
788 877 866 931 τῶν
890 867 1014 950 φύσιν
1032 865 1076 950 ἐχι

127 973 218 1041 τωνΙχ
240 976 382 1063 ὁρήταί
401 997 440 1040 τε
463 975 535 1058 γάρ
559 970 609 1038 δι’
636 974 738 1039 αὐτῶ
766 975 891 1038 πάντα
914 970 980 1038 καὶ
1003 995 1076 1054 γεν

127 1107 189 1147 ται
212 1080 276 1148 καὶ
298 1091 452 1166 νοῆται,
484 1078 703 1166 ῥιζωθέντα
731 1078 795 1144 καὶ
822 1076 1070 1163 γενναθέντα

127 1189 319 1273 τράφεταί
347 1210 386 1252 τε
418 1185 670 1265 καίάίξεται
702 1185 765 1252 καὶ
803 1190 1028 1270 ζωπυρήται
1062 1209 1076 1267 μ

89 1313 115 1352 1⁰
129 1293 353 1368 αίσθάσιος·
378 1294 480 1376 δήλόν
503 1278 570 1357 που
591 1289 647 1356 καὶ
675 1292 738 1358 άπὸ
767 1294 895 1358 τούτων
923 1277 1070 1375 γίγνεται

129 1398 305 1482 ὀφθαλμός
328 1396 474 1463 ἐστικαὶ
498 1399 560 1481 ζωή
589 1408 656 1462 τῶν
678 1398 850 1483 νοερῶνή
880 1400 1000 1480 σοφία,
1028 1394 1076 1461 καὶ

129 1505 274 1589 δρᾶσθαι
304 1514 374 1581 τοῖς
405 1501 604 1586 υοουμένοις
636 1502 769 1589 παρέχει
800 1513 880 1569 πᾶσι
907 1501 962 1568 καί
992 1505 1029 1585 τὸ
1058 1500 1076 1567 ει

128 1622 198 1688 τοίς
220 1605 311 1693 οὖσι,
342 1611 560 1694 δημιουργίας
581 1632 616 1675 τε
640 1611 746 1693 πάσης
769 1611 912 1696 ἀρχηγὸς
934 1611 1076 1693 γίγνεται

129 1717 174 1803 τῷ
197 1718 309 1804 κόσμῳ
333 1714 388 1781 καὶ
411 1717 597 1799 γεννήσεως
620 1725 677 1800 τῆς
699 1718 830 1803 πρώτης
852 1714 907 1781 καί
930 1715 1065 1798 τάξεως,

92 1842 117 1882 15
132 1823 173 1906 δή
205 1819 260 1887 καί
292 1823 329 1888 ἐν
356 1821 436 1905 ’ήμίν
465 1823 630 1900 ὡσαύτως.
676 1823 738 1906 τήν
769 1824 810 1907 δή
842 1824 1001 1904 τοιαύτην
1028 1845 1062 1886 τε

128 1930 295 2016 τοσαήτην
324 1931 433 1995 αίτίαν
461 1928 517 1995 καὶ
545 1939 689 1995 τοσαῦτα
716 1928 827 2012 ἀγαθά
856 1928 1067 2013 παρέχουσαν

130 2036 192 2102 οὐκ
213 2035 254 2101 άν
272 2038 353 2121 ’μετὰ
376 2037 519 2123 μεγάλης
542 2039 691 2120 σπουδῆς
714 2035 871 2121 μεταθέοι
890 2035 932 2100 άν
951 2035 1076 2121 προθύχ

129 2143 333 2228 βουλόμενος
366 2153 422 2227 τής
454 2144 588 2229 ἀρίστης
620 2143 834 2227 εὐδαιμονίας
862 2142 1074 2225 μεταλαμβάν

214 2245 259 2311 Ἡ
283 2246 344 2332 μὲν
379 2244 441 2313 οὖν
474 2249 537 2314 άπὸ
569 2258 631 2314 τοῦ
651 2253 776 2332 ,τίμιον
807 2244 893 2314 εἶναι
925 2249 988 2331 τήν
1021 2255 1076 2330 σοη

91 2374 117 2412 το
131 2361 294 2438 προϊοῦσα
310 2355 356 2430 είς
373 2355 565 2437 προτροπὴν
585 2356 707 2439 ἔφοδός
725 2355 793 2420 ἐστι
812 2355 960 2438 τοιαύτη,
981 2355 1001 2438 ή
1024 2340 1061 2419 Ιδὲ

131 2467 192 2522 τοῦ
211 2459 316 2535 ὅντως
334 2458 518 2545 ἀνθρώπου
536 2459 833 2547 ὑπομιμνῄσκουσα
856 2470 912 2544 τής
932 2458 985 2525 ἐπὶ
1003 2462 1042 2524 τά
1060 2482 1076 2522 α

133 2574 322 2650 προτροπῆς
346 2565 401 2630 διά
423 2564 586 2650 τῶνὲξής
609 2565 832 2632 ἐπιδείκνυται
854 2577 921 2631 τῶν
941 2566 1030 2631 οὕτω
1051 2570 1076 2630 λι

131 2670 258 2756 μένων·
296 2671 526 2756 εάνδροιπος
562 2673 719 2739 πάντων
757 2671 863 2762 ζῴων
900 2669 962 2737 ἐπὶ
999 2676 1076 2737 πολι

132 2777 271 2861 γέγονε
300 2780 542 2864 σοφώτατος·
574 2783 778 2865 θεωρῆσαί
806 2802 847 2844 τε
875 2780 948 2862 γάρ
978 2779 1076 2844 δυνα

98 2883 219 2949 ιῠέντι
254 2886 299 2949 τά
336 2885 452 2952 ἐόντα
487 2884 552 2952 καὶ
589 2887 804 2970 ἐπιστάμαν
841 2884 906 2951 καὶ
943 2889 1076 2971 φρόνα4

131 2986 251 3074 λαβὲν
287 2991 418 3057 αὐτῶν
455 2992 646 3059 ἁπάντων.
697 2995 797 3078 παρὸ
834 2991 898 3057 καὶ
935 2991 1069 3077 ἐνεχάρ

133 3095 210 3179 [καὶ
228 3096 512 3183 ἐπεσημήνατο]
537 3100 581 3164 τὸ
600 3106 717 3164 θεῖον
741 3098 842 3188 αὐτῷ
866 3100 908 3163 τὸ
932 3110 982 3164 τῶ
1001 3119 1076 3164 παν

131 3207 232 3287 λόγον
270 3207 461 3289 σύσταμα,
499 3204 540 3270 ἐν
573 3196 598 3294 ᾧ
635 3206 680 3269 τά
715 3228 754 3270 τε
790 3206 897 3270 είδεα
934 3207 1057 3272 πάντα

222 3401 236 3448 7
261 3396 395 3462 γεννᾶται
416 3398 427 3466 ΙΙ
450 3402 465 3451 9
490 3416 520 3451 τε
543 3399 610 3466 post
631 3394 769 3465 τράφεται
792 3396 902 3465 ίτείεοίς
931 3399 975 3453 est
997 3398 1027 3452 in
1049 3409 1076 3449 οο

121 3468 194 3531 poet
209 3461 327 3531 α’ἐξεται
343 3469 356 3538 ή
374 3472 408 3521 25
428 3462 487 3522 ἐντι
505 3468 544 3522 K:
564 3465 622 3523 ἔστι
634 3469 692 3537 W
712 3466 796 3539 λαβέυ
815 3468 883 3523 Gale
902 3486 930 3537 p,
947 3475 1012 3525 733:
1030 3460 1076 3537 ίάβ

112 3540 153 3613 27
168 3536 221 3591 καί
239 3534 452 3609 ἐπεσημήνατο
471 3538 583 3596 delevit
599 3537 713 3594 Vitem.
736 3599 738 3604 ,
