2400 3930
355 149 629 208 Ροοοαοοοιοοε
648 154 682 222 (ε.
696 151 768 221 ιον).
1025 151 1066 216 81
1117 137 1121 150 ”

86 313 179 394 ζηλοῦν
199 317 278 390 τοὺς
300 308 379 399 παρ’
405 314 543 390 ἐκείνοις
565 312 771 398 τιμωμένους
793 337 828 378 τε
851 311 906 379 καλ
930 313 1068 379 ἐνδυνα-

86 420 245 504 στεύοντας,
263 419 284 502 ἣ
299 420 337 484 τὸ
351 428 412 484 τοῦ
426 414 570 504 Ὁμήρου
585 417 627 484 ἀν
641 417 848 485 πεπονθέναι
866 417 921 484 καλ
936 421 1069 504 σφόδρα

85 524 239 604 βούλεσθαι
262 526 487 611 ἐπάρουρον
510 523 626 589 ἐόντα
643 524 863 610 θητευέμεν
882 528 984 612 ἀλλφ
1004 526 1069 591 ἀν-

38 627 221 717 neptam&
243 631 398 718 ἀκλήρῳ
416 628 472 695 καλ
496 630 610 696 ὁτιοῦν
624 630 666 696 ἀν
684 631 891 697 πεπονθέναι
909 631 1069 716 μῦλλονῆ

38 788 44 803 ,
85 733 166 802 ίκείνά
182 761 217 804 τε
231 735 380 816 δοξάζειν
397 734 453 802 καλ
471 735 606 813 ἐκείνως
625 740 696 820 ζῆνς
721 737 827 814 οὕτως
845 740 949 821 ἔγωγε
967 733 1096 822 ολμαι,ε

53 848 132 906 ῑπῦν
153 848 277 927 μᾶλλον
303 841 508 908 πεπονθέναι
536 840 578 906 ἀν
607 828 767 921 δέξασθαι
793 841 814 926 ἢ
844 847 901 927 ζῆν
929 845 1069 921 ἐκείνως.

84 944 123 1011 καί
135 950 205 1014 τόδε
223 949 265 1033 δη
285 947 463 1031 ἐννόησον·
487 949 519 1012 εί
538 948 639 1013 πάλιν
658 948 676 1014 ὁ
696 957 846 1024 τοιοῦτος
863 951 1006 1033 καταβάς
1024 952 1071 1026 είς

84 1051 126 1116 ιλν
144 1056 241 1121 αὐτὸν
263 1061 373 1120 θᾶκον
390 1056 572 1136 καθίζοιτο,
596 1049 649 1141 ἀρ’
672 1055 714 1119 οὐ
736 1057 876 1130 σκότους
899 1053 1071 1132 ἀνάπλεως

84 1162 154 1244 σχοίη
174 1163 253 1238 τοῦς
276 1159 490 1245 ὀφθαλμούς,
518 1158 677 1244 ἐξαίφνης
699 1161 790 1244 ίλκων
813 1159 850 1226 ἐκ
872 1170 933 1226 τοῦ
956 1160 1069 1244 ηλίουχ

86 1263 147 1344 μάλα
162 1290 207 1349 γε.
248 1268 307 1344 τολς
325 1263 362 1332 δέ
382 1267 423 1350 δη
443 1266 538 1343 σκιάς
555 1265 683 1344 ἐκείνας
700 1267 802 1332 πάλιν
825 1270 856 1332 εί
878 1267 949 1334 δέοι
968 1268 1071 1333 αὐτὸν
1086 1287 1112 1326 1⁰

85 1373 312 1454 γνωματεύοντα
341 1373 580 1456 διαμιλλᾶσθαι
602 1383 673 1449 τοϊς
700 1372 752 1439 ἀελ
780 1375 963 1459 δεσμώταις
991 1374 1072 1440 ἐκεί-

84 1493 147 1560 νοις,
172 1477 210 1544 ἐν
237 1469 264 1565 ᾧ
294 1477 501 1563 ἀμβλυωπεί,
529 1475 609 1565 πρὶν
636 1489 839 1563 καταστῆναι
865 1483 905 1545 τά
933 1483 1071 1565 όμματα,

86 1573 157 1660 οὗτος
178 1581 215 1649 δέ
237 1583 256 1649 ὁ
279 1587 401 1669 χρόνος
419 1584 462 1668 μὴ
486 1584 575 1649 πάνυ
593 1584 707 1669 ὀλίγος
729 1591 779 1669 είη
798 1595 856 1669 τῆς
879 1588 1071 1669 συνηθείας,

86 1676 182 1770 ληνοῦ
199 1685 317 1774 γέλωτ’
339 1689 382 1755 ἀν
398 1688 547 1775 παρέχοι,
569 1688 624 1755 καλ
647 1689 777 1775 λέγοιτο
799 1690 841 1756 ἀν
859 1689 934 1777 περὶ
957 1692 1071 1774 αὐτοῦ,

86 1787 116 1868 ῦς
132 1795 251 1880 ἀναβάς
273 1798 342 1861 ἀνω
363 1795 611 1881 διεφθαρμένος
633 1797 706 1880 ἥκει
724 1799 765 1861 τά
783 1799 922 1881 ὄμματα,
946 1795 1001 1861 καλ
1021 1798 1071 1862 ὅτι
1086 1815 1111 1856 15

86 1895 128 1963 οὐκ
151 1901 243 1981 ἀξιον
277 1899 355 1967 οὐδὲ
387 1909 568 1988 πειρᾶσθαι
601 1902 746 1986 ἀνιέναι,
778 1902 834 1969 καὶ
862 1904 922 1969 τὸν
955 1902 1073 1988 ἐπιχει-

86 2013 183 2084 ροῦντα
211 2009 305 2074 λύειν
332 2031 368 2074 τε
398 2006 454 2073 καλ
482 2008 634 2093 ἀνάγειν,
667 2015 700 2074 εί
723 2030 793 2085 πως
821 2008 858 2074 ἐν
884 2020 955 2086 ταίς
981 2007 1073 2093 χερσλ

87 2107 217 2180 δύναιντο
251 2117 366 2198 λαβεῖν
397 2113 452 2180 καλ
485 2113 706 2197 ἀποκτείνειν,
744 2113 983 2179 ἀποκτιννύναι
1015 2116 1073 2193 άνχ

86 2221 191 2306 σφόδρα
223 2244 269 2304 γε.
322 2221 446 2303 ταύτην
477 2226 596 2286 τοίνυν
627 2221 688 2303 την
722 2221 834 2286 είκόνα
864 2219 1074 2306 προσαπτέον

86 2318 189 2392 ἅπασαν
209 2327 253 2404 ὡς
271 2327 406 2410 ἀληθοῦς
424 2337 495 2404 τοίς
513 2325 715 2412 λεγομένοις,
739 2327 800 2409 την
819 2325 881 2411 μὲν
899 2325 943 2393 δι’
967 2329 1075 2406 όψεως
1088 2346 1114 2386 20

87 2431 268 2518 φαινομένην
296 2432 398 2518 ἕδραν
424 2441 464 2517 τῇ
491 2441 552 2497 τοῦ
581 2433 811 2520 δεσμωτηρίου
839 2435 965 2519 οίκησει
993 2434 1075 2518 ἀφο-

87 2547 232 2623 μοιοῦντα,
254 2539 292 2604 τὸ
316 2536 353 2603 δὲ
375 2547 436 2603 τοῦ
459 2539 565 2622 πυρὸς
588 2537 625 2603 ἐν
645 2539 728 2624 αὐτῇ
752 2551 823 2622 φῶς
840 2549 880 2625 τῇ
898 2550 959 2605 τοῦ
978 2541 1075 2623 ηλίου

87 2634 214 2728 λννάμει·
236 2645 298 2728 τὴν
322 2642 358 2709 δέ
378 2645 447 2709 ἀνω
467 2643 632 2727 ἀνάβασιν
655 2643 711 2711 καὶ
730 2643 816 2709 θέαν
834 2657 901 2709 τῶν
925 2647 994 2709 ἀνω
1014 2647 1075 2728 την

89 2744 120 2821 λίς
141 2751 197 2816 τὸν
223 2752 347 2834 νοητὸν
374 2753 478 2815 τόπον
505 2759 563 2834 τῆς
592 2760 700 2835 ψυχῆς
727 2752 852 2815 ἀνοδον
880 2748 987 2828 τιθείς
1014 2751 1075 2834 οὐχ

88 2845 241 2940 λυρτησει
264 2865 321 2939 τῦχς
344 2855 511 2939 ἀληθείας.
557 2856 640 2939 αὕτη
666 2854 706 2921 δέ
725 2877 791 2921 που
810 2857 897 2922 οὕτω
921 2859 1076 2942 φαίνεται
1090 2875 1116 2915 25

90 2950 168 3048 ἀντχῦ
190 2969 327 3049 γνωστηῦ
350 2964 521 3026 τελευταία
543 2961 564 3044 η
587 2970 649 3027 τοῦ
668 2961 799 3043 ἀγαθοῦ
819 2960 890 3027 ίδέα
908 2960 963 3027 καλ
981 2965 1077 3047 μόγις

90 3055 223 3151 λοῦσθαι,
251 3067 398 3151 ὀφθεῖσα
422 3064 459 3131 δὲ
482 3066 700 3150 συλλογιστέα
728 3061 813 3132 είναι
841 3068 886 3144 ὡς
911 3070 975 3152 ἀρα
997 3076 1077 3132 πᾶσι

90 3166 197 3237 πάντων
219 3173 302 3256 αὕτη
327 3172 443 3257 ὀρθῶν
465 3195 500 3238 τε
523 3170 578 3237 καὶ
596 3177 717 3262 καλῶνι
730 3174 828 3255 αίτία,
852 3175 889 3238 έν
912 3195 946 3238 τε
966 3173 1075 3261 δρατχῦ

160 3438 174 3485 3
191 3429 235 3489 ἐπ’
255 3430 379 3504 ἀρουρον
397 3435 408 3504 ΙΙ
426 3441 459 3489 21
481 3431 567 3504 ἐδραν
587 3437 596 3507 Ιχ
615 3439 649 3490 25
668 3410 854 3508 ἀμαρτάχλλῦῦ
872 3439 1029 3493 τελευταία.
1039 3437 1090 3488 ’νέω

84 3495 198 3581 'mptum
217 3507 247 3559 αί
260 3505 382 3574 proclivi
401 3522 495 3564 errore
514 3507 596 3580 legas
616 3510 803 3578 τελευταίοις.

119 3590 236 3642 Rumam
247 3604 387 3647 Ρεουιιιιευ.
939 3603 960 3650 ⁹³
