2400 3930
125 163 169 228 60
533 160 723 218 IAMBLICHI

125 333 236 390 ταῦτα.
275 325 400 391 οὐκοῦν
419 330 483 391 εἴτε
497 327 661 411 φρόνησίς
679 324 758 407 ἐστι,
782 326 935 411 φανερὸν
955 326 1007 391 ὅτι
1027 327 1116 410 μόνοι

126 431 168 496 ἀν
189 431 333 517 ὑπάρχοι
360 443 430 510 τοῖς
457 434 657 516 φιλοσόφοις
679 434 716 497 τὸ
742 435 799 514 ζῆν
823 430 1049 516 εὐδαιμόνως,
1077 437 1116 497 είι

126 537 225 624 ἀρετὴ
257 547 364 622 ψυχῆς
395 536 416 621 ἣ
448 539 485 603 τὸ
517 540 660 624 χαίρειν,
693 536 755 603 κάν
788 537 895 614 οὕτως
926 535 948 620 ἣ
976 540 1116 622 μόνοιςι

127 645 267 728 μάλιστα
289 645 437 709 πάντων·
465 643 564 729 ἀρετὴ
591 643 654 729 γάρ
683 641 752 707 ἐστι
779 644 816 708 τὸ
843 645 1051 729 κυριώτατον
1072 653 1116 709 τῶι

100 750 164 817 εέν
187 751 283 834 ἡμῖν,
310 751 448 833 ἥδιστόν
474 773 509 814 τε
536 750 670 815 πάντων
698 745 788 814 ἐστίν
816 750 860 826 ὡς
887 750 925 815 ἓν
954 752 1039 836 πρὸς
1058 751 1116 830 ἕνα]

128 859 300 941 φρόνησις.
347 855 469 940 ὁμοίως
493 852 529 920 δὲ
551 854 614 921 κάν
637 864 739 920 ταῦτα
760 854 869 919 πάντα
894 855 999 920 ταύτά
1022 864 1066 941 φῇ
1083 878 1116 930 τις

127 956 293 1046 εἶναιτὴν
312 962 539 1047 εὐδαιμονίαν,
559 959 710 1048 ὁριστέον
728 958 798 1026 ἐστὶ
815 962 853 1026 τὸ
870 972 1021 1048 φρονεῖν.
1055 964 1116 1027 ὥστε

128 1067 376 1154 φιλοσοφητέον
399 1067 441 1135 ἀν
464 1074 514 1152 είη
533 1077 614 1133 πᾶσι
632 1078 701 1145 τοῖς
721 1067 934 1151 δυναμένοις·
957 1068 979 1153 ἣ
1001 1070 1062 1153 γάρ
1078 1089 1114 1131 τοι

128 1172 216 1240 τοῦτ’
239 1171 308 1239 ἐστὶ
330 1176 368 1239 τὸ
391 1173 509 1251 τελέως
531 1169 569 1238 εὖ
593 1177 661 1258 ζῆν,
684 1173 705 1258 ἢ
728 1174 869 1259 μάλιστά
886 1197 924 1258 γε
944 1175 1071 1240 πάντων
1084 1173 1114 1249 ὡς

89 1306 114 1345 ιο
128 1281 165 1344 ἓν
189 1281 293 1343 εἰπεῖν
316 1285 425 1344 αίτιου
450 1289 522 1356 ταῖς
546 1289 676 1363 ψυχαῖς.
723 1274 794 1345 ἀλλ’
820 1279 970 1346 ἐνταῦθα
996 1277 1055 1364 μὲν
1076 1277 1112 1343 δ’

128 1387 165 1449 τὸ
188 1385 277 1469 ταρά
300 1386 405 1468 φύσιν
428 1390 508 1473 ίσως
531 1379 616 1449 εἶναι
639 1386 676 1449 τὸ
700 1384 797 1468 γένος
818 1385 914 1471 ἡμῶν
936 1390 1073 1472 χαλεπὸν
1088 1384 1113 1448 τὸ

129 1491 314 1575 μανθάνειν
337 1513 369 1555 τι
392 1488 448 1555 καὶ
471 1500 607 1556 σκοπεῖν
630 1491 714 1574 ἐστι,
737 1490 793 1558 καὶ
815 1495 910 1577 μόλις
932 1494 1113 1570 αίσθάνοιτο,

130 1598 185 1662 διά
217 1599 277 1682 τὴν
310 1597 437 1682 ἀφυΐαν
468 1593 523 1662 καί
550 1597 611 1680 την
642 1599 731 1683 νταρά
762 1599 868 1683 φύσιν
902 1603 1001 1683 ζωήν·
1033 1600 1069 1665 ἀν
1089 1589 1116 1660 δέ

129 1725 208 1769 τοτε
227 1705 430 1789 δυνηθῶμεν
449 1711 601 1787 σωθῆναι
620 1704 720 1769 πάλιν
739 1705 822 1770 ὅθεν
841 1703 1060 1790 ἐληλύθαμεν,
1076 1704 1115 1783 δῆ-

90 1833 116 1875 15
130 1815 191 1875 λον
215 1811 259 1887 ὡς
281 1812 380 1895 ἥδιον
403 1809 457 1876 καὶ
481 1810 565 1898 ῥᾷον
589 1809 670 1875 αὐτὸ
698 1813 881 1895 ποιήσομεν
903 1813 1031 1890 πάντες.
1070 1814 1115 1875 νῦν

129 1914 274 2003 μὲνγὰρ
298 1916 472 2001 ἀφειμένοι
494 1928 561 1982 τών
584 1916 723 2000 ἀγαθῶν
747 1917 964 2003 διατελοῦμεν
982 1920 1116 2004 πράττοι·

128 2047 181 2101 τες
202 2025 243 2088 τά
266 2023 439 2108 ἀναγκαῖα,
465 2022 519 2088 καὶ
543 2024 683 2107 μάλιστα
705 2023 840 2108 πάντων
864 2024 899 2088 οί
919 2025 1058 2108 μάλιστα
1075 2041 1116 2106 μό-

129 2132 239 2216 κάριοι
263 2132 440 2206 δοκοῦντες
463 2125 549 2194 εἶναι
572 2139 641 2205 τοῖς
658 2132 807 2205 πολλοῖς·
831 2128 889 2195 ἐάν
908 2127 946 2195 δὲ
967 2140 1025 2215 τῆς
1042 2129 1116 2211 οὐρα·

129 2242 203 2313 νίας
226 2237 310 2302 ὁδοῦ
332 2237 512 2318 λαβώμεθα
534 2232 589 2298 καὶ
612 2231 722 2299 ἀεὶτὸ
742 2235 914 2320 σύννομον
937 2239 1059 2323 ἀστρον
1073 2232 1116 2314 τὴν

89 2363 116 2402 ιο
131 2343 217 2423 ζωὴν
244 2342 306 2422 την
334 2337 462 2403 ἑαυτῶν
489 2339 730 2425 ἀαερείσωμεν,
762 2343 836 2406 τότε
867 2347 1116 2429 φιλοσοφησομῶ

131 2449 247 2524 ζῶντες
274 2444 409 2527 ἀληθῶς
435 2441 490 2508 καί
521 2445 688 2529 θεώμενοι
715 2449 860 2532 θεωρίας
888 2448 1073 2534 ἀμηχάνους
1093 2441 1116 2507 ό

128 2552 263 2634 κάλλος,
291 2550 493 2629 ἀτενίζοντες
515 2559 554 2635 τῇ
576 2559 665 2635 ψυχῇ
688 2554 771 2636 πρὸς
793 2553 854 2635 την
878 2552 1040 2638 ἀληθειαν
1061 2553 1116 2634 ἀρα·

129 2660 234 2745 ρότως
260 2655 315 2725 καί
337 2657 505 2742 θεώμενοι
527 2658 588 2741 την
611 2669 678 2722 τῶν
705 2665 797 2723 θεῶν
820 2658 941 2744 ἀρχην,
965 2661 1080 2747 εύφραι
1097 2653 1116 2718 δ’

130 2791 224 2851 μενοι
242 2765 297 2832 καὶ
310 2767 481 2850 χαίροντες
494 2774 641 2849 συνεχῶς
654 2763 718 2829 ἀπὸ
732 2773 792 2830 τοῦ
810 2772 966 2852 θεωρεῖν,
984 2769 1115 2852 ηδόμενο

220 2980 252 3030 19
273 2971 319 3030 ἐπὶ
338 2971 370 3029 τὸ
390 2972 466 3030 ούνν.
487 2970 602 3045 ἀστρον]
623 2974 656 3028 cf.
668 2950 746 3028 'Plan
762 2974 832 3030 Tim.
847 2994 875 3045 p.
890 2976 965 3032 4213.
980 2979 990 3046 ΙΙ
1005 2984 1083 3045 21sq.
1099 2980 1116 3021 c:

129 3047 200 3101 Plat.
217 3046 299 3101 eivit.
314 3046 340 3100 X
359 3045 488 3115 1).ssle
506 3044 579 3109 θέας
598 3041 761 3114 ἀμηχάνους
779 3043 810 3101 τὸ
830 3044 938 3110 κάλλος.

129 3176 343 3186 ..--.-ι-

220 3248 234 3295 7
255 3237 382 3308 αίρετίον
401 3240 533 3295 emendat
545 3239 699 3294 Vulcanius
713 3241 721 3309 ΙΙ
737 3245 769 3294 12
791 3233 870 3313 <ἀν>
889 3239 1058 3299 αἰσθάνοιτο
1077 3247 1116 3296 scr

130 3310 265 3366 bendum:
288 3332 329 3373 τις
353 3311 420 3366 addi
438 3311 529 3365 voluit
545 3311 579 3378 A,
602 3327 657 3378 quo
680 3312 763 3365 facile
787 3312 943 3366 carebimus
967 3316 1013 3384 (cf.
1035 3303 1116 3368 Bonst

130 3380 190 3435 Ind.
205 3381 290 3435 Arist.
305 3400 331 3450 p.
348 3379 424 3452 589¹),
434 3387 467 3435 47
482 3385 563 3451 sqq).
596 3380 718 3437 conicias
732 3381 817 3438 etiam
831 3381 914 3452 plura
929 3385 1065 3441 excidisse
1077 3391 1114 3454 μθ

131 3448 326 3506 αἰσθάνεσθαι
342 3455 353 3522 ll
372 3457 404 3507 19
425 3449 564 3524 σύννομον
583 3452 607 3505 Α
628 3453 657 3506 in
677 3451 838 3524 Οεεῖίςεῖθα
862 3452 988 3526 ούνομον
1010 3457 1041 3511 in
1063 3453 1116 3511 tet

117 3524 149 3576 εί
162 3539 233 3577 νυνι.
253 3523 286 3577 in
304 3541 396 3595 marg.
