2400 3930
324 179 598 239 εειουεεευιουε
617 185 652 252 (ε.
667 182 737 251 xx).
886 146 887 150 Ν
975 183 1037 250 101

66 339 184 420 δρώπους
206 350 252 430 τῷ
275 344 416 430 τοιούτῳ
440 343 542 427 φύντι
564 346 744 429 πολεμίους
772 343 1040 425 κατασταθέντας

66 443 94 508 λδ
110 450 164 533 τὴν
191 445 320 514 ἑαυτῶν
343 449 518 534 εὐνομίαν,
546 448 602 516 καί
629 451 666 516 τὸ
694 454 825 536 πλῆθος
852 449 873 534 ἢ
896 450 995 539 τέχνη
1018 452 1039 537 ἢ

66 553 165 639 ὐνάμει
191 552 443 640 ὑπερβαλέσθαι
470 554 512 622 ἀν
538 553 594 622 καὶ
621 555 858 642 περιγενέσθαι
885 566 947 623 τοῦ
972 582 1040 625 τοι·

66 655 129 726 ύτον
158 659 289 748 ἀνδρός.
335 661 424 728 ούτω
451 664 606 747 φαίνεται
635 660 693 729 καὶ
724 663 805 730 αὐτὸ
838 664 876 729 τὸ
907 664 1038 749 κράτος,

66 783 110 852 περ
130 768 171 851 δη
194 767 314 852 κράτος
337 768 421 852 ἐστί,
450 768 506 835 διώ
532 791 568 835 τε
595 778 657 834 τοῦ
684 772 792 855 νόμου
820 768 877 837 καὶ
900 771 957 836 διὰ
977 772 1067 855 τὴνε

66 870 125 955 ίκην
157 876 355 962 σῳζόμενον.
400 873 503 961 χωρὶς
534 872 572 941 δὲ
603 876 733 942 τούτων
766 877 847 943 αὐτὸ
880 871 927 942 δι’
958 877 1039 943 αὐτὸ

67 975 161 1060 ίρετόν
184 979 254 1047 ἐστι
276 982 315 1047 τὸ
338 983 485 1065 δίκαιον,
513 980 570 1048 καί
597 983 698 1066 φύσει
725 984 808 1067 πρὸς
831 982 912 1047 αὐτὸ
935 984 1040 1067 πεφύ-

66 1105 135 1168 ιμεν.
177 1086 240 1152 κάν
264 1084 370 1172 μηδὲν
393 1083 457 1154 οὐν
479 1098 547 1155 τῶν
571 1087 699 1168 ἔξωθεν
721 1091 953 1174 περιγίγνηται
975 1087 1040 1154 κάν

66 1193 233 1278 ἀττώμαπά
255 1217 332 1261 τινα
355 1197 523 1282 συμβαίνῃ
547 1194 762 1280 ἀνθρώπινα,
789 1196 1039 1283 δικαιοπραγεῖν

66 1304 134 1384 ξιον,
154 1300 199 1377 ώς
221 1303 343 1367 τούτου
366 1303 463 1379 ὄντος
484 1310 566 1369 πᾶσι
587 1303 805 1386 τιμιωτώτου.’
1056 1321 1081 1360 10

113 1411 252 1472 Μαθεῖν
271 1405 308 1473 δὲ
331 1407 426 1487 ἀξιον
448 1405 503 1474 καί
525 1417 629 1474 ταῦτα
651 1407 726 1495 περὶ
748 1418 806 1493 τῆς
826 1409 984 1495 εὐνομίας
1006 1431 1042 1474 τε

66 1510 80 1576 τί
106 1512 260 1598 ἀνομίας,
288 1515 371 1580 ὅσον
399 1513 597 1601 διαφέρετον
623 1514 796 1599 ἀλλήλοιν,
824 1513 880 1580 καί
908 1517 958 1582 ὅτι
980 1511 1042 1599 μὲν
1115 1549 1124 1566 ο

65 1622 164 1703 νομία
187 1620 325 1705 ἀριστον
348 1627 398 1705 είη
422 1619 595 1708 καὶκοινῇ
619 1620 674 1688 καὶ
702 1623 786 1710 ίδίᾳ,
814 1620 835 1705 ἡ
858 1620 980 1706 ἀνομία
1004 1618 1041 1687 δὲ

66 1743 196 1792 κιστον·
220 1727 258 1792 αί
277 1729 342 1813 γὰρ
364 1737 563 1815 παραχρῆμα
586 1729 708 1812 βλάβαι
728 1730 903 1812 γίγνονται
925 1725 962 1793 ἐκ
984 1735 1042 1811 τῆς

66 1835 172 1916 ομίας.
219 1832 396 1919 ἀρξώμεθα
419 1831 457 1900 δὲ
479 1836 519 1900 τὰ
541 1843 599 1918 τῆς
622 1834 778 1919 εὐνομίας
797 1835 935 1917 δηλοῦν,
958 1833 1040 1918 ἅπερ
1056 1851 1081 1892 15

66 1962 176 2021 γνεται
199 1943 352 2026 πρότερα.

114 2047 235 2122 Πίστις
257 2043 319 2130 μὲν
341 2047 454 2132 πρώτη
474 2045 660 2131 ἐγγίγνεται
679 2046 715 2111 ἐκ
732 2055 790 2130 τῆς
808 2046 965 2130 εὐνομίας
987 2069 1042 2132 με·

67 2155 110 2216 λα
134 2150 312 2236 ὠφελοῦσα
334 2154 413 2229 τοὺς
434 2150 638 2237 ἀνθρώπους
659 2153 738 2229 τοὺς
760 2153 964 2236 σύμπαντας,
986 2148 1043 2216 καὶ

66 2282 92 2322 ιν
116 2258 269 2341 μεγάλών
292 2256 432 2341 ἀγαθῶν
454 2261 553 2324 τοῦτό
577 2257 660 2324 ἐστι·
686 2259 782 2324 κοινά
810 2258 874 2344 γὰρ
901 2259 942 2323 τδι
965 2261 1043 2344 χρή-

66 2389 111 2430 ετα
135 2367 283 2449 γίγνεται
307 2364 340 2445 ἐξ
368 2365 481 2450 αὐτῆς,
509 2363 564 2431 καλ
588 2366 674 2432 οὕτω
698 2364 760 2451 μὲν
788 2365 846 2433 ἐάν
868 2363 924 2434 καὶ
947 2365 1043 2450 ὀλίγα
1057 2384 1083 2424 20

70 2470 202 2556 ἐξαρκεῖ
223 2472 312 2556 ὅμως
334 2472 558 2556 κυκλούμενα,
587 2473 669 2538 ἀνευ
697 2469 734 2538 δὲ
757 2474 878 2557 ταύτης
901 2468 975 2538 οὐδ’
1002 2472 1043 2538 ἀν

66 2579 133 2643 ιλλὰ
156 2569 177 2663 ᾖ
201 2576 337 2663 ἐξαρκεῖ.

114 2681 183 2748 Καὶ
206 2685 244 2748 αί
263 2685 359 2769 τύχαι
383 2680 420 2750 δὲ
439 2685 476 2749 αί
492 2685 539 2761 είς
558 2685 599 2749 τδι
621 2687 770 2770 χρήματα
796 2682 932 2749 καὶτὸν
955 2685 1043 2766 βίον,

82 2814 118 2857 τε
142 2788 270 2873 ἀγαθαὶ
292 2789 348 2856 καὶ
366 2792 421 2875 μή,
446 2789 482 2857 ἐκ
503 2800 561 2874 τῆς
579 2790 736 2875 εὐνομίας
759 2800 829 2867 τοῖς
851 2789 1043 2875 ἀνθρώποις

66 2897 292 2982 ιοσφορώτατα
314 2899 555 2982 κυβερνῶνται·
578 2897 657 2974 τούς
679 2920 714 2961 τε
737 2898 800 2982 γὰρ
822 2896 1044 2981 εὐτυχοῦντας
1057 2915 1083 2955 25

66 3008 174 3087 ’φαλεϊ
194 3002 276 3087 αὐτῇ
299 3009 446 3088 χρῆσθαι
469 3000 524 3068 καλ
545 3002 823 3091 ἀνεπιβουλεύτςο,
847 3004 926 3080 τούς
942 3024 978 3067 τε
1001 2998 1044 3066 αὐ

66 3117 277 3194 ’στυχοῦντας
300 3109 550 3195 ἐπικουρεῖσθαι
578 3109 614 3174 ἐκ
640 3119 708 3175 τών
731 3109 962 3194 εὐτυχούντων
988 3109 1044 3172 διδι

65 3241 85 3281 ν
116 3215 283 3300 ἐπιμιξίαν
310 3240 346 3281 τε
373 3213 428 3281 καὶ
454 3219 583 3298 πίστιν,
616 3216 699 3301 ἀπερ
732 3216 768 3281 ἐκ
800 3225 859 3300 τῆς
888 3215 1045 3299 εὐνομίας

66 3346 184 3399 γνεται.

115 3485 130 3533 9
151 3471 283 3549 συμβύίη
302 3482 335 3532 12
352 3495 420 3533 num
443 3473 487 3535 ὅτι
505 3473 568 3555 <ἡ>
593 3475 644 3552 μἐν
664 3477 769 3535 demis
789 3496 861 3535 ιοοι
882 3474 1007 3545 εὐνομία
1022 3482 1057 3530 εκ

66 3549 172 3618 ιμιανβ
183 3555 219 3603 17
225 3565 285 3616 sqq,
308 3550 343 3605 de
360 3550 492 3609 numeris
512 3553 544 3612 in
563 3553 667 3613 οούὶοο
684 3551 827 3626 mem
840 3570 873 3607 κ,
887 3548 1018 3616 mm.
