2400 3930
128 170 170 234 86
535 165 727 223 IAIIBLIOHI

215 331 337 396 XVIII
364 332 474 416 Ταύτῃ
499 325 528 394 δ’
557 328 625 395 ἐστι
648 331 811 414 συγγενὴς
834 328 890 394 καὶ
914 330 999 412 άλλη
1024 331 1111 412 ίφοδ

127 438 146 521 ἡ
170 432 240 502 κατ’
268 436 450 519 ἀναλογίαν
475 437 538 502 ἀπὸ
557 448 624 503 τῶν
647 436 685 503 ἐν
708 445 753 526 τῷ
777 437 905 520 σώματι
930 433 1111 521 φαινομένο

128 544 279 627 ἐναργῶν
302 542 355 609 ἐπὶ
377 546 417 609 νά
438 551 496 626 τῆς
519 553 627 629 ψυχῆς
652 546 899 628 μεταβαίνουσα
926 542 1013 608 κακά
1034 565 1068 606 τε
1091 566 1109 606 κ

128 651 256 735 ἀγαθά,
288 647 344 715 καὶ
370 661 437 714 τῶν
465 647 527 734 μὲν
553 660 665 715 κακῶν
696 651 882 734 χωρίζουσα
910 646 966 713 καὶ
995 650 1078 733 πρὸς
1102 673 1111 711 ι

101 758 248 841 εαίσχρά
280 755 501 840 ἀλλοτριοῦσα
533 757 595 838 τὴν
627 757 822 840 προαίρεσιν
854 752 966 837 ἡμῶν,
1004 766 1070 819 τῶν
1106 779 1111 817 ι

128 863 268 946 ἀγαθῶν
299 861 606 946 ἀντιλαμβάνεσθαι
638 859 737 926 παντὶ
774 858 891 925 σθένει
923 866 1111 945 παρακελευι

128 968 222 1054 μόνη,
245 967 300 1034 καὶ
323 969 406 1054 πρὸς
428 969 468 1033 τά
487 970 570 1034 καλά
593 969 763 1033 οἰκειοῦσα
786 967 881 1050 ἡμῶν
904 967 967 1049 τὴν
992 967 1111 1032 διάνοια

129 1076 161 1154 ἐξ
189 1077 334 1152 ἀπαντος
361 1077 496 1159 τρόπον.
542 1067 615 1140 οἷον
646 1075 677 1138 εί
705 1074 745 1137 τά
774 1072 867 1155 πάθη
899 1081 961 1136 τοῦ
996 1073 1111 1156 σώματι

128 1184 254 1264 φευκτά
281 1163 337 1245 καὶ
367 1183 408 1244 τά
435 1183 620 1264 νοσήματα,
653 1181 740 1244 πολὺ
774 1179 882 1263 δήπου
914 1181 1111 1263 πρότερονι

88 1307 115 1344 ιο
127 1296 186 1370 τῆς
212 1294 333 1369 ψυχῆς,
364 1282 419 1349 καὶ
450 1286 482 1348 εί
506 1283 526 1367 ἡ
556 1287 655 1360 νόσος
684 1294 745 1349 τοῦ
772 1285 924 1368 σώματος
952 1284 995 1348 οὐ
1023 1284 1111 1367 βιωτὲ

127 1391 207 1475 ἡμῖν
237 1392 297 1455 τὸν
324 1391 439 1472 βίοτον
468 1389 696 1474 ἀπεργάζεται,
729 1392 816 1457 πολὺ
844 1391 953 1474 δήπου
982 1393 1111 1475 πρότερα

128 1497 148 1580 ἡ
181 1497 292 1562 ἀδικία
323 1499 424 1574 νόσος
452 1491 536 1562 οὖσα
569 1505 627 1579 τῆς
658 1506 766 1581 ψυχῆς
794 1497 965 1583 ἀφόρητόν
996 1496 1065 1562 ἐστι
1094 1518 1110 1560 τ

128 1608 249 1688 ἔχοντι,
272 1602 327 1670 καὶ
350 1605 439 1669 εἰτὸ
463 1615 558 1688 σῶμα
576 1601 792 1688 ἀσυμμέτρως
816 1605 1026 1686 διακείμενον
1045 1603 1111 1668 ἀπό

128 1715 227 1776 λυσιν
253 1711 348 1797 ἡμῶν
375 1711 437 1794 τὴν
464 1712 652 1794 τελειότητα
680 1718 738 1792 τῆς
764 1718 886 1794 ψυχῆς,
916 1709 998 1774 ὅταν
1025 1708 1110 1775 ἐκεῦν

88 1807 154 1902 1εῷ
185 1820 304 1901 ζῶμεν,
336 1822 532 1901 πλημμελῶς
564 1818 620 1901 ἔχῃ
647 1796 702 1881 διαὶ
734 1815 895 1900 στασιάζχ,
918 1817 1003 1900 πρὸς
1036 1814 1110 1882 ἕαυτ

129 1922 190 1987 οὐκ
220 1925 349 1988 ἔνεστιν
376 1923 489 2007 ὀρθῶς
517 1924 700 2006 διαβιῶναι,
746 1924 907 2006 μετίωμεν
936 1923 978 2004 δὴ
1008 1921 1065 1987 καὶ
1091 1921 1111 1988 ἀ

127 2029 254 2113 θάτερα
284 2031 366 2095 κατά
396 2030 455 2095 τὸν
483 2030 586 2095 αὐτὸν
613 2031 748 2113 τρόπον.
794 2028 903 2111 ὥσπερ
931 2029 996 2112 γάρ
1024 2027 1111 2106 τάξει

127 2133 183 2199 καὶ
214 2137 342 2220 κόσμου
370 2138 410 2201 τά
442 2133 583 2222 ἡμέτερα
615 2135 749 2218 σώματα
776 2135 919 2217 τυχόντα
947 2135 1075 2217 χρηστὰ
1101 2132 1111 2198 ι’

129 2246 195 2323 εἴη,
224 2239 357 2318 ἀταξίας
381 2238 417 2306 δὲ
440 2242 611 2325 μοχθηρά,
642 2241 747 2317 οὕτως
774 2236 831 2304 καὶ
852 2239 875 2322 ἡ
896 2241 987 2323 ψυχὴ
1012 2239 1111 2319 ἀταξίι

89 2364 116 2404 ει
129 2341 190 2429 μὲν
212 2352 358 2426 τυχοῦσα
382 2346 473 2409 ἔσται
495 2346 637 2430 πονηρά,
660 2345 784 2431 χρηστὴ
809 2341 846 2410 δὲ
868 2344 889 2427 ἡ
912 2343 1034 2423 τάξεώς
1053 2370 1111 2411 τινι

128 2446 184 2513 καὶ
202 2450 329 2532 κόσμου
348 2449 560 2532 ἐπιλαβοῦσα.
594 2449 647 2517 ἐπὶ
665 2449 726 2535 μὲν
746 2446 808 2517 οὖν
826 2459 871 2538 τῷ
891 2452 1020 2536 σάματι
1037 2454 1111 2538 ὄνομ

130 2557 267 2643 ἐστιτῷ
291 2554 327 2620 ἐκ
354 2561 412 2638 τῆς
433 2554 554 2633 τάξεώς
575 2580 611 2622 τε
638 2556 693 2623 καί
719 2566 781 2623 τοῦ
802 2559 930 2640 κόσμου
953 2557 1111 2643 γιγνομέυ

129 2664 239 2747 ὑγεία,
268 2662 374 2748 ἰσχάς·
402 2659 455 2727 ἐπὶ
484 2659 521 2728 δὲ
543 2658 587 2728 αὖ
611 2673 656 2752 τῷ
681 2663 718 2728 ἐν
740 2672 779 2748 τῇ
803 2671 892 2748 ψυχῇ
916 2662 1111 2749 ἐγγιγνομέν

129 2771 165 2835 ἐκ
187 2780 245 2855 τῆς
271 2769 393 2849 τάξεως
418 2767 556 2846 καὶτοῦ
584 2772 711 2853 κόσμου
734 2771 877 2854 νόμιμόν
899 2793 934 2834 τε
964 2768 1020 2834 καὶ
1042 2773 1111 2856 νόμ

88 2895 115 2935 25
130 2878 236 2960 ὄνομα
258 2887 371 2941 κεῖται.
408 2877 518 2963 ὥσπερ
536 2879 600 2962 γάρ
619 2874 673 2942 ἐπὶ
690 2886 762 2952 ταῖς
780 2883 842 2940 τοῦ
860 2875 1012 2960 σώματος
1034 2879 1110 2958 τάξε

128 2989 166 3048 τὸ
185 2983 336 3067 ὑγιεινὸν
354 2983 570 3068 ἀποδίδομεν,
589 2981 622 3061 ἐξ
643 2977 683 3048 οὗ
703 2981 739 3047 ἐν
758 2982 847 3068 αὐτοῦ
867 2982 977 3065 ὑγίεια
995 2986 1111 3067 γίγνετ

80 3163 82 3168 ,
128 3088 184 3156 καὶ
216 3092 298 3173 άλλη
332 3088 429 3175 ἀρετὴ
463 3100 524 3156 τοῦ
556 3090 721 3174 σώματος,
759 3089 865 3165 οὕτως
897 3086 951 3153 ἐπὶ
982 3100 1056 3166 ταῖς
1089 3115 1111 3156 τ1

219 3253 260 3301 17.
274 3266 301 3317 p.
318 3253 361 3314 87,
376 3251 410 3300 29
425 3246 498 3302 Plat.
513 3247 597 3315 Gorg.
612 3264 640 3316 p.
657 3247 710 3300 504
718 3244 832 3299 A-505
843 3244 879 3312 B;
897 3246 946 3300 sed
962 3250 1005 3313 87,
1021 3252 1091 3315 3sq.
1106 3268 1111 3301 ι

129 3347 164 3355 -
183 3318 277 3385 ψυχῆς
295 3335 329 3372 ex
346 3317 489 3372 Phaedon.
504 3337 531 3388 p.
548 3318 615 3372 821)
635 3319 731 3386 (supra
744 3335 771 3386 p.
788 3323 830 3384 67,
845 3319 898 3385 28).

216 3462 303 3526 λθειγ,
323 3453 505 3528 ἀσυμμέτρως
523 3460 553 3514 οδ
566 3454 719 3514 ἀπόλλυσιν
734 3457 834 3512 Cobeh:
854 3456 1016 3528 συμμέτρως
1030 3463 1059 3515 et
1075 3456 1111 3514 ἀπ

105 3530 216 3583 λαναιν
226 3529 244 3598 β
254 3533 291 3584 26
310 3523 330 3599 ἡ
348 3524 449 3599 ἀγίεια
470 3548 506 3587 ex
523 3547 625 3602 apogr.
644 3528 703 3585 (δὶα,
717 3527 816 3596 KII‘I'I
836 3528 886 3581 ταὶ
903 3525 924 3593 ὴ
940 3526 1011 3594 ’άλλη
1022 3529 1059 3583 Ὦ.
