2400 3930
129 148 193 213 112
540 146 731 204 IAMBLIOHI

127 310 251 394 ούρον
290 307 450 393 ἀπέχου·
491 311 668 395 χθονίων
703 310 777 396 γάρ
814 310 899 378 ἐστι
934 319 1055 380 θεῶν.
1112 317 1139 380 τι

126 411 188 500 μὲν
210 409 274 482 οὖν
297 416 380 481 ἀλλα
402 413 478 501 περὶ
501 415 605 482 αὐτοῦ
623 415 661 482 ἐν
677 423 723 507 τῷ
739 415 827 502 Περὶ
849 421 1035 503 συμβόλων
1058 418 1139 506 ἐροῦ-

127 545 203 606 μεν,
231 521 294 588 ὅσα
318 518 355 588 δὲ
380 523 428 600 είς
449 522 643 609 προτροπὴν
667 521 815 609 ἁρμόζει,
842 524 1070 611 παραγγέλλει
1095 537 1139 611 τῆς

127 629 287 712 οὐρανίας
313 631 449 715 πορείας
477 627 674 716 ἀντέχεσθαι
705 627 761 696 καὶ
792 639 863 709 τοῖς
893 643 1031 715 νοεροῖς
1058 639 1139 711 θεοῖς

101 737 372 820 οσυνάπτεσθαι,
404 745 463 820 τῆς
488 759 524 803 τε
551 736 674 803 ἐνάλου
702 737 836 822 φάσεως
863 741 1070 823 χωρίζεσθαι
1096 738 1139 806 κα]

127 842 348 927 περιάγεσθαι
370 843 454 928 πρὸς
475 843 538 928 τὴν
561 844 668 910 άνλον
689 841 745 910 καὶ
760 844 917 929 καθαρὰν
937 847 1038 929 ζωήν,
1061 852 1139 911 θεῶν

127 971 163 1015 τε
184 950 349 1036 θεραπεία
371 956 518 1036 χρῆσθαι
540 959 580 1036 τῃ
600 950 717 1037 ἀρίστῃ
735 948 790 1016 καὶ
809 951 950 1035 μάλιστα
968 961 1044 1030 τοῖς
1064 975 1139 1036 πρωΙ

128 1059 252 1135 τίστοις
274 1063 368 1133 θεοῖς
390 1058 616 1143 προσηκούσῃ.

221 1167 332 1228 Ταῦτα
360 1159 421 1247 μὲν
449 1157 513 1228 οὖν
540 1164 588 1241 είς
615 1169 707 1230 θεῶν
734 1174 861 1246 γνῶσιν
883 1161 940 1230 καὶ
961 1168 1139 1249 θρησκείαν

89 1284 115 1325 10
128 1276 271 1332 ποιεῖται
297 1268 359 1352 την
386 1269 610 1354 παράκλησιν,
639 1272 686 1346 είς
715 1266 752 1336 δὲ
780 1272 906 1356 σοφίαν
933 1272 1134 1338 τὰτοιαῦτα

89 1377 113 1436 ς’
218 1374 404 1457 Γλάσσης
426 1375 501 1459 πρὸ
524 1385 601 1440 τῖον
621 1376 753 1443 ἄλλων
770 1377 905 1462 κράτει
922 1383 1041 1457 θεοῖς
1064 1377 1139 1446 άπόΙ

129 1503 256 1564 μενος.
301 1489 434 1564 πρῶτον
457 1480 520 1566 γάρ
544 1480 615 1546 ἐστι
637 1485 759 1567 σοφίας
778 1485 878 1569 ἔργον
900 1485 939 1549 τὸ
961 1484 1025 1549 τὸν
1049 1487 1139 1568 λόγω

130 1574 340 1673 ἐπιστρέφειν
368 1589 416 1665 είς
443 1585 563 1653 ἑαυτὸν
590 1585 647 1653 καὶ
675 1588 800 1669 ἐθίζειν
828 1591 872 1675 μη
896 1587 959 1668 ἔξω
984 1588 1139 1675 προϊέναι

128 1697 331 1761 τελεοῦσθαί
358 1716 394 1759 τε
426 1690 504 1758 καθ’
537 1691 657 1759 ἑαυτὸν
688 1693 744 1760 καὶ
772 1696 809 1762 ἐν
841 1704 882 1782 τῃ
912 1696 998 1782 πρὸς
1032 1696 1139 1762 ἑαυτὸν

91 1817 116 1858 15
130 1800 314 1887 ἐπιστροφῇ
341 1798 396 1867 καὶ
420 1800 501 1887 μετὰ
526 1810 625 1868 τοῦτο
649 1799 687 1867 ἐν
709 1809 754 1889 τῷ
778 1813 849 1880 τοῖς
875 1809 970 1881 θεοῖς
993 1800 1134 1870 ἕπεσθαι

131 1904 232 1973 οὐδὲν
259 1910 324 1992 γάρ
351 1908 432 1972 ἀλλο
461 1907 549 1972 οὕτω
576 1913 700 1973 τελειοῖ
724 1909 784 1973 τὸν
811 1916 896 1974 νοῦν
923 1907 944 1993 ἢ
972 1909 1058 1975 ὅταν
1083 1909 1139 1976 ἐπι·

132 2016 359 2098 στρεφόμενος
381 2015 429 2090 είς
452 2012 572 2080 ἑαυτὸν
594 2024 664 2092 τοῖς
686 2021 781 2091 θεοῖς
804 2020 1055 2101 σονακολονθῇ.

96 2123 119 2192 ζ’
226 2122 272 2186 Τὸ
306 2116 342 2185 δὲ
380 2118 535 2206 ἀνέμων
571 2122 772 2186 πνεόντων
807 2121 879 2204 την
915 2119 994 2204 ἠχὼ
1031 2138 1139 2207 προσ·

131 2225 246 2291 κάνει
282 2225 338 2291 καὶ
374 2226 455 2292 αὐτὸ
488 2235 546 2311 τῆς
576 2230 673 2304 θείας
708 2228 830 2311 σοφίας
861 2223 930 2292 ἐστὶ
962 2229 1138 2314 γνώρισμα

93 2349 119 2388 ιο
133 2331 312 2395 αἰνίττεται
339 2332 402 2415 γάρ
430 2331 475 2407 ὡς
504 2333 557 2397 δεῖ
581 2343 649 2399 τῖον
677 2335 783 2399 θείων
811 2332 937 2399 οὐσιῶν
963 2332 1022 2399 καὶ
1050 2337 1139 2402 δυνάΙ

131 2458 221 2519 μεων
243 2436 305 2519 την
328 2436 506 2519 ὁμοιότητα
530 2436 676 2524 ἀγαπᾶν,
704 2437 759 2506 καὶ
783 2440 863 2505 ὅταν
886 2439 1064 2526 ἐνεργῶσι,
1091 2444 1139 2508 τδτ

132 2542 318 2628 σύμφωνον
344 2542 427 2628 πρὸς
454 2544 512 2620 τὰς
535 2542 702 2629 ἐνεργείας
729 2545 839 2612 αὐτῶν
866 2549 969 2631 λόγον
991 2550 1075 2632 μετά
1097 2572 1139 2634 μεΙ

132 2652 235 2735 γάλης
258 2651 406 2734 σπουδῆς
428 2658 527 2734 τιμᾶν
549 2674 585 2716 τε
607 2650 663 2717 καὶ
686 2651 806 2735 σέβειν.

92 2764 118 2833 η’
227 2759 272 2823 To
305 2754 343 2824 δὲ
374 2759 544 2844 μαχαίρῃ
576 2766 653 2844 πῦρ
685 2758 732 2843 μὴ
761 2758 927 2824 σκάλευε
954 2763 1139 2849 φρονήσεώς

93 2881 119 2921 2⁵
134 2865 203 2930 ἐστι
229 2867 487 2950 παρακλητικόν·
514 2864 633 2951 ἐγείρει
654 2867 718 2950 γάρ
742 2865 822 2951 ἡμῖν
843 2866 907 2950 τὴν
929 2868 1068 2933 ἔννοιαν
1091 2869 1139 2952 τηε

132 2974 369 3058 προσήκουσαν
388 2969 463 3057 περὶ
482 2980 542 3037 τοῦ
561 2972 605 3056 μὴ
621 2973 694 3037 δεῖν
713 2975 821 3057 πυρὸς
834 2974 952 3057 πλήρει
965 2971 1023 3038 καὶ
1036 2980 1139 3058 θυμοτ1

133 3079 301 3166 ἀνθρώπω
339 3079 419 3162 μήτε
452 3075 658 3144 ἀντιτιθέναι
694 3080 796 3161 λόγον
827 3077 1039 3164 τεθηγμένον
1071 3083 1139 3167 μήτ.

133 3184 261 3267 ἐρίζειν.
306 3185 464 3260 πολλάκις
486 3185 550 3269 γδιρ
577 3187 724 3268 κινήσεις
750 3191 797 3273 τῷ
824 3186 913 3271 λόγφ
942 3185 1003 3250 τὸν
1037 3185 1139 3271 ἀμαθι1

132 3288 187 3353 καὶ
216 3289 364 3374 ταράξεις
390 3287 447 3356 καὶ
468 3291 565 3376 πείσῃ
595 3290 689 3355 δεινά
714 3287 769 3354 καὶ
792 3289 888 3373 ἀηδῆ.
933 3289 1060 3376 μάρτυς
1082 3300 1139 3366 τοῖς

135 3431 347 3440 ι--ω--η

132 3516 142 3541 ⁸
209 3521 246 3572 λθ
266 3516 315 3574 καί
336 3516 508 3592 δυνάμεων]
530 3514 607 3574 κατὰ
627 3513 750 3584 δόναμιν
764 3516 904 3571 mm.
