2400 3930
125 163 167 226 γε
532 159 721 216 ιευοιιοαε

125 327 277 411 δημοσίᾳ.
313 322 351 388 ἕν
369 347 400 389 τι
424 319 603 388 οὖντοῦτο
627 324 839 390 διανοεῖσθαι
858 324 911 388 δεῖ
928 322 1059 406 ἀληθές,
1081 322 1120 386 ὅτι

125 431 186 496 οὐκ
209 434 299 497 ἔσται
323 427 421 517 άνδρὶ
445 429 562 519 ἀγαθῷ
585 431 687 496 κακὸν
712 428 813 496 οὐδὲν
826 430 914 495 οὔτε
943 433 1037 509 ζῶντι
1057 428 1118 493 οὔτε

125 540 371 621 τελευτήσαντι,
409 532 489 601 οὐδὲ
526 536 692 621 ἀμελεῖται
724 536 788 602 ὑπὸ
820 543 914 601 θεῶν
944 537 985 600 τά
1014 535 1116 599 τούτου

126 644 314 730 πράγματα,
347 643 430 707 ὥστε
458 643 505 718 εἰς
537 640 656 708 ἑαυτὸν
686 643 933 728 διανηρτησθαι
964 643 1064 707 πάντα
1082 637 1112 701 τά

100 750 239 833 εάγαθά
271 751 311 814 τά
347 750 393 825 εἰς
431 748 649 832 εὐδαιμονίαν
681 747 841 836 φέροντα,
878 747 936 814 καὶ
967 747 985 814 ὁ
1015 747 1112 812 τούτου

127 856 288 940 ἐγγύτατα
307 853 615 941 παρεσκευασμένος
638 850 736 934 οὗτος
754 853 797 920 άν
815 854 957 939 μάλιστα
977 851 1110 940 μακαριώ-

126 985 223 1039 τατος
247 963 439 1045 διαζησειεν.
484 971 635 1027 τοιαῦται
658 964 806 1027 ἔστωσαν
828 959 885 1026 καὶ
912 960 951 1026 αἱ
975 961 1036 1026 άπὸ
1056 955 1111 1022 τοά

128 1092 194 1133 των
218 1066 272 1133 ἐπὶ
295 1070 355 1152 την
379 1070 427 1144 εἰς
448 1072 653 1153 φιλοσοφίαν
676 1068 869 1153 προτροπὴν
893 1069 1018 1152 ἔφοδοι.

220 1173 308 1238 XIV.
353 1178 420 1239 Δεῖ
454 1171 490 1238 δὲ
526 1171 581 1238 καὶ
620 1173 684 1239 άπὸ
722 1183 783 1239 τοῦ
818 1175 897 1257 βίον
934 1183 1002 1238 τῶν
1039 1189 1110 1250 κορο-

88 1302 114 1340 10
128 1281 238 1364 φαίων
269 1276 307 1343 ἐν
338 1282 521 1363 φιλοσοφίᾳ
553 1278 687 1363 ἀνδρῶν
720 1276 887 1363 ἑπομένως
918 1290 990 1356 ταῖς
1021 1279 1111 1342 Πυθι-

128 1387 232 1467 γόρου
255 1383 442 1464 ὑποθήκαις
462 1384 668 1465 ποιήσασθαι
690 1385 752 1467 την
776 1388 977 1471 προτροπήν.
1022 1384 1053 1450 οἱ
1067 1379 1112 1463 γὰρ

127 1492 278 1554 τοιοῦτοί
305 1510 371 1553 που
404 1486 440 1553 ἐκ
471 1485 558 1552 νέων
590 1498 723 1573 πρῶτον
754 1488 815 1575 μὲν
831 1492 895 1568 ,εἰς
926 1491 1049 1576 ἀγοράν
1070 1482 1113 1550 οὐκ

129 1602 220 1661 λ’σασι
250 1596 312 1681 την
345 1594 441 1678 ὁδόν,
475 1590 555 1659 οὐδὲ
587 1595 671 1660 ὅπου
704 1597 919 1682 δικαστήριον
952 1597 972 1681 ἢ
1004 1597 1114 1681 βουλον

129 1704 246 1786 τηριον
273 1703 294 1786 ἥ
321 1725 353 1765 τι
375 1701 492 1766 κοινὸν
519 1701 600 1766 άλλο
627 1709 685 1785 τῆς
706 1706 834 1779 πόλεως
861 1701 1052 1789 συνέδριον,
1075 1695 1117 1762 νά

91 1829 117 1870 15
130 1833 215 1894 μους
238 1805 275 1873 δὲ
297 1807 353 1873 καὶ
375 1810 570 1893 ψηφίσματα
597 1810 758 1891 λεγόμενα
784 1808 806 1892 ἢ
828 1808 1038 1895 γεγραμμένα
1061 1805 1119 1871 οὔτε

130 1917 256 2002 δρῶσιν
284 1915 361 1980 οὔτε
384 1913 558 1979 ἀκούουσι·
587 1911 731 1979 σπονδαὶ
755 1912 792 1979 δὲ
816 1913 988 2001 ἑταιρειῶν
1011 1912 1055 1981 ἐπ’
1077 1909 1120 1990 άρ

130 2025 190 2109 χάς
207 2020 263 2087 καὶ
286 2022 426 2086 σύνοδοι
447 2020 503 2086 καὶ
527 2021 644 2086 δεῖπνα
668 2018 724 2084 καὶ
747 2023 811 2085 σὺν
834 2021 1010 2108 αὐλητρίσι
1027 2031 1118 2103 κῶμοι

132 2126 212 2195 οὐδὲ
231 2130 314 2213 ὄναρ
333 2127 488 2213 πράττειν
506 2130 722 2212 προσίσταται
741 2127 861 2205 αὐτοῖς.
894 2124 933 2195 εὖ
949 2126 1019 2213 δὲῆ
1037 2129 1120 2194 κακά’

131 2259 182 2311 τις
208 2233 347 2317 γέγονεν
375 2231 411 2297 ἐν
438 2235 548 2315 πόλει,
577 2233 597 2316 ἢ
625 2235 661 2298 τί
684 2255 729 2320 τφ
756 2236 859 2299 κακόν
887 2234 979 2300 ἐστιν
1006 2235 1041 2301 ἐκ
1062 2247 1120 2316 προ

92 2359 119 2400 εο
132 2341 244 2422 γόνων
272 2337 411 2419 γεγονὸς
436 2337 457 2421 ἢ
485 2339 568 2420 πρὸς
594 2338 730 2424 ἀνδρῶν
756 2338 777 2423 ἢ
804 2351 990 2425 γυναικῶν,
1020 2343 1117 2426 μᾶλλο

133 2444 235 2508 αὐτὸν
267 2440 411 2524 λέληθεν
442 2441 463 2525 ἢ
497 2443 533 2507 ολ
560 2453 618 2527 τῆς
649 2445 816 2529 θαλάττης
852 2449 1028 2531 λεγόμενοι
1059 2447 1120 2532 ηόεέ

132 2548 313 2616 καὶταῦτα
335 2546 443 2612 πάντα
467 2544 542 2613 οὐδ’
566 2550 616 2614 ὅτι
640 2551 702 2616 οὐκ
723 2546 826 2635 οἶδεν,
850 2546 957 2617 οἶδεν·
981 2550 1060 2619 οὐδὲ
1079 2551 1120 2635 γά

134 2658 245 2723 αὐτῶν
268 2652 420 2739 ἀπέχεται
447 2662 508 2720 τοῦ
535 2656 726 2741 εὐδοκιμεῖν
753 2660 866 2744 χάριν,
896 2658 980 2724 ἀλλά
1005 2669 1050 2749 τῷ
1072 2661 1120 2724 δυσ

132 2768 169 2832 τὸ
203 2776 296 2848 σῶμα
328 2765 434 2847 μόνον
465 2762 502 2828 ἐν
528 2771 568 2848 τῇ
600 2766 696 2828 πόλει
724 2775 828 2831 κεῖται
860 2766 965 2831 αὐτοῦ
991 2766 1048 2831 καὶ
1078 2765 1120 2830 ἐπι

93 2891 119 2931 25
135 2873 245 2956 δημεϊ,
271 2870 291 2953 ἡ
317 2868 353 2936 δὲ
377 2870 525 2954 διάνοια,
554 2878 657 2935 ταῦτα
681 2871 787 2937 πάντα
810 2870 1002 2956 ἡγησαμένη
1027 2890 1118 2957 σμικρ

132 2997 346 3008 -....-.-—--

223 3071 245 3119 1.
262 3069 278 3116 4
296 3061 369 3117 Plat.
383 3063 457 3132 apol.
474 3061 548 3117 Socr.
563 3082 590 3132 p.
606 3062 730 3117 410-1)
744 3067 784 3133 η4
803 3057 872 3118 ὥστε
893 3063 934 3127 εἰς
954 3059 1057 3120 ἑαυτὸν
1075 3065 1118 3118 κτλ

133 3137 167 3194 ef.
182 3138 254 3191 Plat.
270 3135 377 3188 Menex.
389 3151 416 3203 p.
429 3132 512 3187 247ss
526 3133 611 3203 (infra
624 3152 652 3203 p.
667 3140 709 3204 91,
725 3140 759 3190 26
768 3136 838 3204 sqq.)
853 3137 862 3204 ΙΙ
878 3141 919 3188 11.
933 3153 961 3205 p.
975 3141 1018 3206 77,
1028 3141 1062 3190 25
1073 3133 1120 3187 Pla

133 3206 247 3262 Theaeb.
262 3225 290 3275 p.
307 3211 357 3260 173
369 3203 518 3259 Ο-ῙῚῚΒ,

223 3386 240 3434 4
254 3382 290 3449 δη
305 3378 501 3451 άνηρτῆτθαιλ
515 3383 525 3450 ΙΙ
539 3362 620 3436 ὅτοά
634 3383 643 3451 ΙΙ
659 3387 691 3437 18
702 3399 741 3450 sq.
753 3373 786 3436 εὖ
800 3380 832 3437 δὲ
848 3376 864 3452 ἢ
880 3385 974 3446 κακῶς
987 3386 1028 3446 τίς
1042 3386 1120 3452 (supeJ

129 3469 181 3507 εον,
203 3470 228 3505 τι
257 3450 377 3521 γέγονεν
400 3449 432 3508 ἐν
450 3448 532 3506 πόλει
554 3445 571 3520 ἦ
590 3453 620 3506 τί
635 3451 667 3506 τὸ
686 3450 775 3506 κακόν
794 3455 940 3522 (superscr.
960 3457 1000 3518 τίς
1022 3455 1077 3508 τῶν
1095 3471 1120 3505 κι

116 3523 191 3590 κῶν)
226 3539 290 3577 στιν
309 3519 344 3579 ἐκ
363 3518 519 3596 προγόνων
538 3520 667 3594 γεγονὼς
685 3524 765 3594 (sim
781 3523 864 3577 οῌέ.
