2400 3930
151 155 215 223 100
557 153 751 213 IAMBLIOHI

149 315 288 404 μελέτην
319 317 450 402 ἐμποιεῖ
479 317 631 383 θανάτου
657 315 713 383 καὶ
741 320 1010 403 καταφρόνησιν,
1042 315 1093 384 ἐπὶ
1120 315 1183 383 δὲ

148 425 210 508 τὴν
232 422 406 490 ἀθάνατον
428 421 484 490 καὶ
510 420 562 490 ἀεὶ
585 418 692 490 οὖσαν
715 424 802 508 ζωὴν
825 421 987 508 ἐπανάγει
1011 420 1176 502 καὶτοὺς

151 528 202 597 ἀεὶ
237 531 337 608 ὄντας
370 531 492 615 λόγους
527 528 745 596 ἀναδιδάσκει
779 527 836 596 καὶ
868 531 1010 607 τούτους
1046 533 1170 615 ζηλοῦν

151 637 264 721 ἐθίζει,
287 647 404 703 πασῶν
426 635 541 721 ἀνείη
564 633 621 702 καὶ
645 637 702 703 διδι
722 644 821 703 τοῦτο
847 635 1093 722 ὠφελιμωτάτη.

124 764 137 806 ε
230 741 305 809 Ἔτι
325 745 443 809 τοίνυν
471 743 535 809 οὐκ
561 741 615 809 ἐπὶ
641 742 835 824 πλεονεξίαν
860 742 969 829 ὁρμᾶν
995 745 1060 829 δεῖ,
1086 738 1157 810 ούδέ

151 849 189 914 τὸ
212 849 331 935 κράτος
352 850 390 914 τὸ
413 846 468 915 ἐπὶ
488 856 529 935 τῇ
551 849 724 936 πλεονεξία
746 848 906 934 ἡγεῖσθαι
928 849 1049 935 ἀρετὴν
1071 843 1150 928 εἶναι,

151 957 189 1022 τὸ
213 951 250 1022 δὲ
272 966 340 1022 τῶν
363 957 477 1042 νόμων
500 955 683 1023 ὑπακούειν
707 956 848 1021 δειλίαν·
871 958 1080 1043 πονηροτάτη
1100 956 1147 1040 γδς

152 1063 235 1146 αὕτη
263 1062 285 1147 ἡ
313 1063 447 1129 διάνοιά
470 1062 554 1146 ἐστι,
586 1059 643 1127 καὶ
673 1060 707 1141 ἐξ
739 1061 842 1146 αὐτῆς
870 1061 979 1128 πάντα
1010 1060 1144 1129 τάναντία

152 1179 222 1247 τοῖς
253 1169 396 1252 ἀγαθοῖς
426 1170 568 1253 γίνεται,
600 1170 698 1234 κακία
728 1191 765 1234 τε
794 1165 852 1235 καὶ
882 1169 1002 1254 βλάβη.
1047 1171 1077 1235 εί
1100 1166 1142 1252 γδρ
1193 1220 1196 1225 .

114 1296 139 1333 ιο
152 1276 283 1357 ἔφυσαν
306 1271 367 1358 μὲν
387 1274 422 1347 oc
437 1276 614 1359 ἅνθρωποι
636 1274 798 1340 ἀδύνατοι
819 1269 898 1340 καθ’
920 1272 982 1341 ἕνα
1006 1278 1071 1360 ζῆν,
1087 1291 1141 1340 σιν
1195 1294 1198 1303 ·

153 1384 263 1463 ηλθου
286 1375 324 1444 δὲ
346 1380 430 1465 πρὸς
451 1378 617 1463 ἀλλήλους
634 1403 674 1466 τη
693 1379 820 1467 ἀνάγκη
844 1386 1002 1465 είκοντες,
1025 1391 1106 1447 πᾶσα
1119 1371 1142 1441 δδ

153 1486 174 1570 η
199 1486 262 1569 ζωη
285 1485 400 1564 αὐτοῖς
426 1485 563 1572 εὕρηται
588 1485 645 1553 καὶ
671 1489 713 1554 τδι
735 1491 921 1574 τεχνήματα
944 1490 1029 1575 πρὸς
1050 1488 1180 1575 αὐτήν,

154 1595 219 1660 σὺν
241 1591 396 1677 ἀλληλοις
419 1588 500 1659 δ
484 1586 571 1658 εἶναι
598 1592 721 1672 αὐτοὺς
747 1592 803 1661 καὶ
829 1593 953 1683 ἀνομία
978 1597 1144 1663 διαιτᾶσθαι
1190 1664 1195 1671 ,

155 1700 216 1784 οὐχ
239 1692 313 1766 οἷόν
335 1723 371 1766 τε
394 1697 505 1787 (μείζω
528 1702 592 1786 γάρ
611 1699 725 1778 αὐτοῖς
748 1702 927 1786 ζημίαν“
885 1724 975 1768 ουτω
993 1705 1185 1788 γίγνεσθαι

117 1825 142 1868 15
155 1805 282 1892 ἐκείνης
304 1816 362 1891 της
383 1808 466 1872 κατὰ
488 1804 548 1873 ἕνα
572 1807 628 1873 δια
630 1807 725 1894 ί,της)
752 1807 809 1873 διὰ
830 1808 962 1886 ταύτας
974 1810 1091 1875 τοίνυν
1108 1803 1146 1878 τδλ
1188 1878 1193 1887 ,

156 1912 302 1997 ἀνάγκας
332 1915 392 1979 τόν
422 1936 458 1979 τε
489 1916 597 1998 νόμον
626 1910 681 1978 καὶ
711 1913 750 1978 τὸ
778 1913 911 1979 δίκαιον
940 1900 1199 2046 ἐμβασιλεύειγλ·ἶ

155 2028 226 2096 τοῖς
260 2017 455 2106 ἀνθρώποις
489 2018 545 2086 καὶ
586 2019 717 2105 ούδαμη
754 2027 955 2105 μεταστῆναι
996 2019 1040 2087 ἀν
1076 2013 1148 2085 αύτά

155 2126 256 2211 φύσει
272 2127 336 2211 γάρ
356 2127 475 2211 ἰσχυρὰ
493 2124 692 2193 ἐνδεδέσθαι
710 2135 821 2192 ταῦτα.
858 2150 873 2191 ε
875 2123 969 2211 ίμδν
984 2129 1026 2212 δη
1041 2121 1149 2211 γένοιτό
1193 2174 1196 2183 .

155 2254 205 2307 τις
228 2229 302 2308 ἐξ’
285 2256 387 2316 αρχης
409 2234 515 2317 φύσιν
536 2233 671 2299 τοιάνδε
694 2235 791 2319 ἔχων,
814 2233 962 2319 άτρωτος
985 2235 1046 2300 τδν
1063 2243 1152 2320 χρύτι
1196 2268 1199 2275 ·

116 2357 143 2397 εο
156 2335 278 2410 άνοσός
300 2357 336 2401 τε
358 2333 413 2400 καὶ
436 2335 569 2421 ἀπαθὴς
597 2338 652 2403 καὶ
674 2339 850 2425 ὑπερφυὴς
871 2337 928 2405 καὶ
949 2338 1155 2426 ἀδαμάντινος
1193 2281 1200 2414 δ

156 2441 195 2504 τό
216 2460 253 2504 τε
280 2450 375 2525 σῶμα
397 2439 453 2505 καὶ
475 2443 537 2525 τὴν
559 2447 687 2529 ψυχήν,
714 2453 760 2534 τῷ
788 2447 936 2534 τοιούτω,
952 2451 1034 2524 ἴσως
1056 2449 1098 2514 ἀν
1119 2462 1168 2520 τις
1197 2418 1200 2478 δ

157 2543 272 2631 ἀρκεῖν
295 2544 429 2631 ἐνόμισε
455 2548 493 2612 τὸ
516 2546 570 2614 ἐπὶ
597 2559 637 2636 τῇ
664 2552 838 2640 πλεονεξία
865 2552 986 2638 κράτος
1009 2552 1083 2640 (τὸν
1108 2551 1160 2636 γάρ
1199 2543 1200 2558 ’

156 2661 312 2720 τοιοῦτον
344 2660 389 2742 τῷ
421 2657 513 2743 νόμω
544 2658 589 2741 μὴ
616 2656 831 2724 ὑποδύνοντα
859 2658 1030 2724 δύνασθαι
1057 2659 1162 2748 ἀθῷον

158 2756 276 2848 εἶναι),
305 2759 346 2826 ού
374 2761 441 2845 μην
468 2761 581 2848 ὀρθῶς
608 2758 707 2841 οὗτος
734 2769 850 2830 οίεται·
879 2765 910 2830 εί
934 2766 999 2851 γάρ
1022 2764 1083 2831 καὶ
1107 2787 1165 2832 τοι

118 2889 144 2930 ει
158 2868 257 2944 οῦτός
283 2889 333 2944 τις
360 2872 427 2951 είη,
460 2867 505 2945 ὡς
532 2868 594 2936 οὐκ
621 2867 664 2935 δν
691 2869 837 2953 γένοιτο,
870 2881 940 2948 τοῖς
969 2868 1032 2956 μὲν
1059 2874 1168 2959 νόμοις

159 2983 341 3059 συμμαχῶν
368 2971 424 3038 καὶ
446 2981 491 3060 τῷ
516 2975 633 3062 δικαίῳ
656 2974 711 3041 καὶ
734 2985 837 3042 ταῦτα
859 2976 1037 3062 κρατύνων
1059 2977 1115 3046 καὶ
1135 2986 1170 3064 τῇ

160 3081 250 3164 ἰσχύι
275 3079 445 3165 χρώμενος
472 3077 525 3146 ἐπὶ
552 3082 656 3147 ταῦτά
682 3105 717 3148 τε
744 3081 800 3148 καὶ
822 3084 863 3149 τδ
888 3083 1022 3161 τούτοις
1045 3083 1174 3152 ἐπικου-

159 3195 299 3269 ροῦντα,
331 3185 418 3252 οὕτω
446 3181 508 3270 μὲν
531 3184 573 3252 ἀν
600 3185 737 3274 σῴζοιτο
760 3188 778 3254 ὁ
807 3197 973 3274 τοιοῦτος,
1002 3191 1113 3272 άλλως
1140 3189 1175 3259 δδ

161 3289 221 3353 οὐκ
253 3291 294 3356 δν
327 3291 491 3376 διαμένοι·
524 3293 637 3359 δοκεῖν
663 3296 727 3381 γάρ
757 3294 799 3360 δν
826 3297 906 3373 τοὺς
938 3296 1090 3377 ἅπαντας
1121 3299 1178 3366 ἀν-

162 3431 372 3442 -—-·——-—.—

241 3523 257 3571 7
274 3520 390 3578 δειλίαν
410 3524 444 3579 A:
472 3523 522 3590 δερ*
536 3523 600 3578 λίαν
613 3523 674 3592 W
696 3517 881 3593 ἐπαμύνουτα
896 3523 1099 3583 mxffl'xkzffi.
