2400 3930
129 177 172 240 58
538 173 729 230 IAMBLICHI

129 337 255 402 οὐκοῦν
278 334 333 402 καὶ
356 341 482 422 μάλλον
505 344 650 422 χρῆσθαι
673 337 732 401 τὸν
753 336 865 421 ὀρθῶς
882 337 1056 423 χρώμενον
1077 363 1107 422 φι

128 442 220 509 τέον·
243 444 280 509 τὸ
303 444 366 530 γάρ
386 439 439 528 ἐφ’
462 435 488 532 ᾧ
508 439 563 508 καὶ
582 442 626 519 ὣς
648 442 796 527 πέφυκεν
813 443 977 529 ὑπάρχειν
994 453 1039 532 τῷ
1057 468 1107 529 χρι

129 548 218 637 μένῳ
250 554 358 627 καλῶς
388 547 443 615 καὶ
474 549 625 635 ἀκριβῶς.
676 551 745 613 ἔστι
777 549 818 632 δὴ
848 546 904 614 καὶ
936 559 1044 636 ψυχῆς
1068 551 1107 633 ἡκ

129 659 235 739 μόνον
257 655 278 739 ἡ
302 657 442 740 μάλιστα
465 655 600 721 πάντων
623 657 723 740 ἔργον
744 657 781 720 τὸ
801 656 1017 721 διανοεῖσθαί
1031 679 1064 721 τε
1083 679 1107 720 ιιι

102 765 328 845 ελοχίζεσθαι.
371 761 499 827 ἁπλοῦν
517 762 581 847 ἀρα
599 763 663 845 ἡδη
682 769 781 826 τοῦτο
800 758 855 826 καὶ
873 759 974 826 παντὶ
993 767 1107 843 σνλλομ

131 871 245 946 ζεσθαι
273 864 393 954 ῥηίδιον
421 867 471 932 ὅτι
500 870 535 951 ζὴ
564 872 690 950 μᾶλλον
717 867 736 932 ὁ
764 867 1006 951 διανοούμενος
1032 867 1107 951 ὀρθῶ

129 970 184 1039 καὶ
211 974 352 1058 μάλιστα
379 973 514 1039 πάντων
542 972 559 1038 ὁ
589 973 729 1057 μάλιστα
757 972 952 1056 ἀληθεύων,
981 969 1106 1050 οὖτοςδ

129 1080 220 1146 ἐστιν
247 1081 265 1146 ὁ
294 1091 433 1165 φρονῶν
460 1076 515 1146 καὶ
542 1084 684 1164 θεωρῶν
711 1081 794 1144 κατὰ
815 1082 877 1162 τὴν
903 1079 1107 1165 ἀκριβεστάτην

130 1187 325 1270 ἐπιστήμην·
356 1184 412 1251 καὶ
444 1188 481 1251 τό
513 1209 550 1268 γε
581 1184 699 1261 τελέως
732 1188 789 1268 ζῆν
821 1187 894 1250 τότε
925 1183 983 1251 καὶ
1013 1187 1107 1256 τοάτοι

89 1312 117 1351 ιο
130 1288 328 1373 ἀποδοτέον,
356 1301 425 1367 τοῖς
453 1298 620 1376 φρονοῦσι
642 1289 697 1355 καὶ
720 1302 789 1367 τοῖς
812 1295 1000 1377 φρονίμοις.
1043 1295 1070 1358 εί
1091 1286 1107 1354 δ

129 1398 166 1461 τὸ
187 1399 244 1478 ζῆν
263 1395 332 1461 ἐστι
350 1404 395 1484 τςῦ
415 1393 486 1482 ζῴῳ
504 1420 543 1478 γε
560 1396 682 1461 ταύτὸν
697 1395 800 1463 παντὶ
818 1398 898 1484 ὅπερ
918 1394 1016 1482 εἶναι,
1039 1401 1107 1482 δὴία

130 1502 180 1567 ὅτι
198 1500 261 1566 κάν
280 1506 329 1584 εἴη
349 1525 387 1585 με
405 1500 545 1586 μάλιστα
564 1500 618 1566 καὶ
634 1505 820 1586 κυριώτατα
834 1503 970 1570 πάντων
988 1506 1007 1571 ὁ
1025 1505 1107 1591 φρίνι

129 1631 200 1692 μος,
223 1606 279 1673 καὶ
301 1610 375 1673 τότε
398 1607 538 1692 μάλιστα
556 1617 617 1674 τοῦ
635 1611 760 1692 χρόνον
778 1611 902 1686 παντὸς
925 1611 1007 1676 ὅταν
1025 1610 1107 1693 ἐνερκζ

129 1712 184 1778 καὶ
208 1714 352 1800 τυγχάνῃ
371 1721 514 1797 θεωρῶν
532 1716 569 1779 τὸ
589 1714 729 1797 μάλιστα
747 1726 815 1781 τῶν
835 1718 944 1782 ὄντων
962 1718 1107 1802 γνώριμοι

88 1837 115 1879 15
130 1818 212 1885 ἀλλά
235 1822 301 1904 μὴν
323 1822 344 1903 ἡ
367 1845 405 1904 γε
423 1823 530 1886 τελεία
552 1820 701 1905 ἐνέργεια
723 1819 778 1886 καὶ
797 1821 966 1900 ἀκώλυτος
989 1823 1025 1889 έν
1044 1821 1107 1888 ἑαυτ

129 1928 196 2010 ἔχει
222 1928 260 1992 τὸ
287 1929 431 2012 χαίρειν,
464 1927 547 1992 ὥστε
574 1925 616 1992 ἀν
644 1932 693 2011 εἴη
724 1927 745 2010 ἡ
772 1930 961 2014 θεωρητικὴ
995 1928 1107 2012 ένέρχει

129 2043 246 2099 πασῶν
268 2031 394 2117 ἡδίστη.
441 2036 489 2099 ἔτι
516 2035 633 2099 τοίνυν
661 2032 774 2119 ἕτερόν
802 2034 893 2101 ἐστιν
916 2037 953 2100 τὸ
976 2035 1107 2120 ἡδόμενα

129 2143 239 2205 πίνειν
271 2137 326 2205 καὶ
355 2143 392 2206 τὸ
424 2139 531 2223 ἡδέως
562 2144 686 2205 πίνειν·
718 2137 818 2205 οὐδὲν
850 2143 914 2227 γάρ
946 2142 1065 2207 κωλύει
1090 2161 1107 2222 μ

130 2246 280 2323 διψῶντά
303 2269 378 2310 τινα
401 2243 485 2330 μηδὲ
509 2247 568 2332 οἴφ
591 2247 698 2329 χαίρει
720 2248 842 2329 πόματι
866 2250 1107 2334 προσφερόμενο

87 2367 116 2406 20
130 2352 270 2414 πίνοντα
297 2353 439 2436 χαίρειν,
473 2351 517 2435 μὴ
544 2359 590 2438 τῷ
618 2354 728 2416 πίνειν
761 2351 844 2417 ἀλλὰ
870 2362 916 2441 τῷ
946 2357 1107 2438 συμβαίνει

101 2455 196 2536 ’ἅμα
220 2461 363 2539 θεωρεῖν
390 2456 411 2540 ἡ
438 2463 643 2542 θεωρεῖσθαι
670 2459 873 2541 καθήμενον.
920 2459 1046 2526 οὐκοῦν
1065 2464 1107 2524 τά

129 2582 189 2625 τον
212 2561 356 2645 ἥδεσθαι
379 2558 440 2646 μὲν
463 2561 518 2626 καὶ
540 2561 707 2648 ἡδόμενον
734 2567 844 2629 πίνειν
872 2567 1039 2649 φήσομεν,
1065 2564 1107 2630 άίί

130 2667 171 2732 οῦ
198 2675 244 2756 τῷ
272 2670 383 2734 πίνειν
411 2666 491 2735 οὐδὲ
513 2668 618 2753 ἡδέως
643 2672 761 2737 πίνειν.
808 2671 932 2738 οὐκοῦν
960 2672 1064 2750 οὕτως
1082 2692 1107 2735 ιιι

129 2774 264 2856 βάδισιν
286 2773 342 2840 καὶ
364 2774 535 2861 καθέδραν
557 2774 612 2842 καὶ
635 2777 785 2861 μάθησιν
802 2774 858 2842 καὶ
875 2787 986 2843 πᾶσαν
1009 2781 1107 2860 κίνησε

87 2893 115 2935 25
129 2877 270 2964 ἐροῦμεν
288 2878 405 2963 ἡδεῖαν
423 2880 444 2965 ἡ
463 2882 626 2965 λυπηράν,
647 2882 707 2966 οὐχ
727 2883 816 2948 ὅσων
835 2887 1011 2968 συμβαίνει
1030 2890 1107 2949 λυπεῖ

129 2991 211 3049 σθαι
234 2996 413 3066 παρουσῶν
435 2985 520 3071 ἡμᾶς
542 2986 562 3070 ἡ
586 2992 724 3074 χαίρειν,
748 2984 819 3052 ἀλλ’
843 2982 890 3053 ὧν
912 2997 952 3073 τῇ
975 2997 1107 3075 παρουσί

127 3090 183 3156 καὶ
210 3093 408 3177 ίυποῦμεθα
435 3094 555 3170 πάντες
581 3092 636 3159 καὶ
663 3096 831 3179 χαίρομεν.
881 3092 937 3160 καὶ
966 3097 1050 3180 ζωὴν
1075 3085 1107 3158 οὗ

127 3197 244 3279 ἡδεῖαν
272 3199 394 3283 ὁμοίως
421 3198 576 3285 ἐροῦμεν,
607 3195 646 3282 ἡς
672 3198 692 3282 ἡ
721 3203 887 3285 παρουσία
914 3211 983 3279 τοῖς
1006 3204 1107 3285 ἔχουσι

127 3358 340 3369 -—-——.

215 3465 232 3512 2
251 3451 274 3530 ᾦ
293 3463 342 3517 καί
361 3457 399 3526 άς
415 3462 527 3518 Vitelli:
547 3457 562 3516 ὃ
580 3461 628 3516 καὶ
648 3457 684 3524 ὡς
698 3459 865 3534 ἡπέφνκεν,
884 3458 1006 3535 ὑπάρχει
1024 3462 1107 3532 scripu<

109 3531 160 3582 ταί
176 3529 276 3600 Κβδί
298 3534 339 3609 τῷ
357 3530 422 3608 ζάφ
441 3537 482 3590 A:
500 3529 533 3589 τὸ
555 3529 625 3600 ζώω.
