2400 3930
134 115 197 182 104
544 113 736 171 IAMBLIOHI

132 278 173 343 οὐ
195 279 260 361 γὰρ
283 269 357 343 οἷόν
379 299 414 343 τε
433 276 635 362 ἀνθρώπους
652 278 735 344 ἀνευ
756 280 873 362 νόμων
895 275 952 344 ταὶ
969 277 1056 361 δίκης
1073 278 1115 356 ζήν·
1167 286 1196 331 {2³³

132 384 213 449 ὅταν
237 378 299 449 οὖν
322 393 426 449 ταῦτα
449 385 490 450 τδι
513 385 577 450 δύο
599 383 636 450 ἐκ
657 392 719 450 τοῦ
741 386 896 468 πλήθους
917 383 1046 470 ἐιιλίπγ,
1067 380 1117 446 ότι
1169 396 1196 457 ι’,ἓ

132 492 236 576 νόμος
253 489 309 556 καὶ
326 491 347 575 ή
367 491 453 573 δίκη,
476 493 551 557 τότε
568 491 633 576 ήδη
651 491 699 568 είς
717 489 777 556 ἕνα
794 489 984 577 ἀποχωρεῖν
1002 490 1060 574 τήν
1072 486 1118 553 ἐν·
1171 487 1196 563 ἰς

133 601 273 684 τροπίαν
296 598 424 663 τούτων
446 593 502 663 καί
526 599 689 682 φυλακήν.
733 607 803 675 πῶς
824 596 890 683 γάρ
912 595 957 662 ἀν
975 597 1073 671 άλλως
1089 591 1120 666 el&
1176 598 1180 669 ’,

107 703 192 770 ιὲνα
215 707 379 790 μοναρχία
400 707 585 789 περισταίη,
612 704 645 770 εί
664 704 709 788 μή
731 711 794 769 τοῦ
815 706 923 788 νόμον
947 701 1122 782 ἐξωσθέντα
1175 706 1196 762 ’ω

134 818 261 898 τούτῷ
285 811 408 894 πλήθει
430 809 677 897 σνμφίροντος;
701 810 756 876 δεῖ
775 809 839 896 γὰρ
861 810 923 874 τὸν
946 810 1051 893 ἄνδρα
1069 811 1123 872 τού
1175 819 1193 869 ³·

133 939 209 1001 τον,
237 915 274 994 ὃς
299 918 362 1001 τήν
390 917 487 1001 δίκην
509 918 667 983 καταλύει
692 913 748 982 καὶ
774 917 835 982 τὸν
860 918 969 1000 νόμον
990 917 1048 981 τὸν
1067 919 1125 980 πᾶσι
1156 910 1196 1001 ιεἰ

135 1025 250 1090 κοινὸν
263 1022 319 1090 καὶ
337 1021 552 1111 συμφέροντα
567 1023 797 1109 ἀφαιρήσεται,
817 1021 1045 1107 ἀδαμάντινον
1058 1014 1127 1106 γενί-
1179 1045 1188 1078 ι

135 1136 228 1212 σθαι,
253 1131 284 1195 εί
300 1128 412 1214 μέλλει
430 1131 589 1213 συλήσειν
606 1138 709 1195 ταῦτα
728 1129 818 1215 παρὰ
834 1136 896 1194 τοῦ
914 1129 1066 1212 πλήθους
1082 1134 1130 1192 τῶν

97 1259 121 1298 10
136 1234 326 1320 ἀνθρώπων
344 1227 392 1312 εἷς
410 1235 458 1300 ὢν
471 1236 561 1321 παρὰ
574 1240 722 1301 πολλῶν·
742 1235 899 1321 σάριιννος
913 1232 952 1301 δὲ
965 1232 1021 1300 καὶ
1039 1234 1134 1320 ὅμοιος

135 1351 204 1418 τοῖς
231 1346 360 1418 λοιποῖς
386 1344 566 1426 γενόμενος
592 1349 696 1406 ταῦτα
728 1337 791 1427 μὲν
822 1341 885 1407 οὐκ
911 1339 955 1406 ἀν
987 1339 1138 1425 δυνηθείη

136 1456 287 1531 ποιήσαι,
314 1447 474 1514 τάναντία
501 1445 539 1514 δὲ
568 1446 781 1514 ἐκλελοιπότα
802 1447 967 1525 καθιστάς
988 1447 1141 1534 μοναργή

137 1573 225 1622 σειεν
244 1555 300 1621 ἀν·
321 1556 375 1645 διὸ
393 1552 450 1621 καὶ
467 1556 669 1639 γιγνόμενον
686 1563 786 1622 τοῦτο
805 1553 918 1632 ἐνίους
933 1563 1004 1621 τῶν
1023 1553 1146 1641 ἀνθρίο

137 1684 209 1728 πων
233 1664 403 1729 λανθάνει.
449 1663 481 1728 εί
504 1664 623 1728 τοίνυν
649 1661 822 1727 τοσούτων
846 1658 909 1747 μὲν
931 1663 1023 1727 αίτία
1046 1670 1147 1728 κακῶν

98 1791 123 1830 15
138 1771 228 1837 ἐστιν
248 1770 379 1855 ἀνομία,
403 1778 567 1836 τοσούτου
585 1766 623 1834 δὲ
641 1767 773 1854 ἀγαθὸν
792 1767 942 1853 εὐνομία,
967 1768 1033 1835 οὐκ
1051 1771 1151 1844 ἀλλος

138 1881 245 1943 ε”νεστι
258 1877 371 1962 τυχεῖν
386 1877 601 1961 εὐδαιμονίας
614 1876 646 1942 εί
662 1877 706 1960 μή
719 1897 770 1953 τις
783 1877 891 1959 νόμον
908 1873 1061 1959 ήγεμόνα
1077 1898 1152 1963 προ·

138 1987 293 2067 στήσαιτο
311 1993 372 2049 τοῦ
391 1985 518 2050 οίαείου
536 1985 622 2067 βίον.
660 1977 758 2060 οὗτος
777 1979 808 2046 δ’
830 1979 900 2047 ἐστὶ
918 1983 1020 2065 λόγος
1041 1983 1155 2069 ὀρθός,
1166 1996 1196 2040 ιιι

137 2091 350 2175 προστάττων
378 2086 439 2174 μὲν
467 2090 488 2155 ἃ
515 2090 570 2156 δεῖ
597 2098 707 2155 ποιεῖν
739 2087 959 2174 ἀπαγορεύων
987 2085 1028 2154 δὲ
1060 2087 1083 2154 ἃ
1113 2088 1156 2174 μή

137 2199 211 2279 χρή,
235 2199 273 2260 ἔν
290 2218 326 2260 τε
344 2205 390 2283 τῷ
409 2194 509 2262 παντί
527 2199 639 2282 κόσμῳ
657 2192 714 2261 καὶ
732 2193 769 2260 ἐν
787 2195 903 2260 πόλεσι
925 2192 982 2259 καὶ
999 2192 1041 2260 ἐν
1061 2196 1159 2272 ίδίοις

85 2319 126 2367 ,ιο
139 2307 244 2375 οῖἰιοις
266 2298 322 2364 καὶ
346 2301 434 2386 αὐτῷ
457 2324 525 2366 τινι
549 2300 673 2390 ἑκάστῳ
696 2303 780 2384 πρὸς
802 2299 932 2367 ἑαυτόν.
978 2303 1011 2367 εί
1040 2305 1159 2368 τοίνυν

139 2407 198 2469 τὸν
221 2413 375 2470 τοιοῦτον
399 2408 501 2489 λόγον
523 2405 599 2491 περὶ
623 2407 763 2492 ἀγαθῶν
785 2407 841 2474 nal
863 2418 974 2473 κακῶν
997 2408 1083 2474 ὄντα
1104 2406 1160 2474 ιιαλ

140 2516 250 2578 καλῶν
281 2509 337 2577 καὶ
365 2514 512 2597 αίσχρῶν
541 2513 602 2597 οὐχ
635 2505 710 2580 οίόν
737 2538 784 2580 τε·
805 2515 913 2591 άλλως
944 2519 1073 2598 μαθεῖν
1103 2512 1196 2580 καίεο

139 2624 264 2704 γνόντα
288 2607 531 2703 τελεῶσασθαι,
559 2621 592 2684 εί
613 2622 657 2706 μή
684 2644 734 2698 τις
760 2619 880 2698 τελίως
902 2624 1160 2706 φιλοσοφήσειε,

139 2730 268 2795 τούτων
296 2725 392 2794 ἕνεκα
420 2729 628 2813 φιλοσοφίαν
656 2725 818 2811 ἀσαήτίον
849 2725 985 2792 πάντων
1014 2727 1162 2810 μάλιστα

101 2853 127 2894 ιι
140 2846 208 2901 τῶν
232 2835 459 2920 ἀνθρωπίνων
482 2834 761 2919 ἐπιτηδευμάτων.

229 2942 315 3007 XXI.
342 2946 541 3007 Τελευταίου
555 2941 597 3024 δή
611 2944 736 3026 τρόπον
750 2941 798 3017 είς
811 2939 1005 3026 προτροπὴν
1018 2941 1163 3025 τίθεμεν

140 3050 200 3114 τὸν
223 3048 286 3114 ἀπὸ
311 3058 377 3113 τῶν
401 3050 591 3133 συμβόλων,
614 3043 754 3131 τὸνμὲν
777 3047 866 3112 ίδιον
884 3047 966 3111 ’όντα
988 3053 1049 3128 τῆς
1073 3045 1163 3130 αίρό-

142 3167 355 3175 ·-—-—-———---

230 3213 273 3261 27.
292 3224 318 3275 p.
335 3210 395 3274 105,
410 3211 444 3260 25
464 3205 497 3260 of.
517 3223 545 3274 p.
560 3210 586 3275 7,
601 3210 705 3273 18sqq.

143 3304 355 3316 ἱ-ῌ-

138 3411 250 3470 οούτων
267 3415 301 3472 δὲ
322 3412 446 3488 ἀγαθῶν
468 3433 502 3472 ex
520 3417 577 3473 ciz.
596 3417 692 3486 Κήθθ
711 3416 804 3485 αυτῳή
820 3415 923 3484 αυτωή
940 3418 974 3470 26
993 3413 1164 3487 προτροπὴν

780 3480 788 3501 ἱ

125 3485 198 3541 00111',
219 3486 252 3542 K
252 3510 261 3543 .·
280 3483 457 3562 ἀποτροπήν
479 3487 625 3562 (similiter
643 3506 672 3558 ρ.
685 3493 762 3553 &m
776 3483 931 3550 αποτοὲπει
941 3487 1131 3553 mmm&

131 3780 258 3808 A
