2400 3930
128 139 170 201 74
534 137 726 194 IAMBLICHI

126 301 209 365 ἀλλά
227 308 272 388 τῷ
292 301 365 366 ἀντι
383 304 490 382 γελῶν
505 301 644 384 ἔνδηλος
660 304 858 386 γιγνόμενος
877 302 1027 388 ληρώδης
1043 299 1110 365 δοκεῖ

127 400 222 470 εἶναι.
266 407 434 494 τύραννόν
466 430 501 472 τε
537 408 601 493 γάρ
632 406 653 491 ἢ
685 406 823 491 βασιλέα
855 407 1110 494 ἐγκωμιαζόμενον

127 512 186 578 ἕνα
208 523 276 579 τῶν
294 512 426 598 νομέων
450 505 523 578 οἷον
547 514 701 598 συβώτην
720 514 740 598 ἢ
758 514 902 600 ποιμένα
924 517 946 599 ἤ
968 538 1040 579 τινα
1054 516 1110 596 βου·

126 623 228 686 κόλον
255 619 382 703 ἡγεῖται
415 619 550 685 ἀκούειν
577 620 893 704 εὐδαιμονιζόμενον
922 623 1008 687 πολὺ
1038 618 1110 704 βδάλ·

99 732 229 792 ελοντα
251 727 352 810 γάλα,
381 727 632 812 δυσκολώτερον
657 723 693 792 δέ
722 726 859 793 ἐκείνων
883 731 968 814 ζῷον
990 724 1043 792 καλ
1064 725 1110 791 ἐκι-

127 834 329 916 βουλύτερον
348 834 537 915 ποιμαίνειν
555 856 590 897 τε
608 829 663 897 καὶ
686 831 843 915 βδάλλειν
862 835 989 916 νομίζει
1007 832 1110 909 αύτούς

128 938 287 1023 ἀγροῖκον
307 934 344 1003 δὲ
365 935 420 1002 καλ
439 937 640 1004 ἀπαίδευτον
659 938 723 1004 ὑπὸ
743 937 900 1023 ἀσχολίας
921 936 1021 1005 οὐδὲν
1038 935 1110 1022 ηττοι

127 1056 194 1111 τῶν
217 1044 348 1130 νομέων
366 1045 426 1110 τὸν
444 1053 599 1110 τοιοῦτον
618 1045 801 1128 ἀναγκαῖον
823 1047 1013 1130 γίγνεσθαι,
1036 1045 1110 1129 σηκὸν

127 1151 164 1216 έν
188 1154 259 1236 ύρει
281 1153 319 1216 τὸ
341 1161 449 1235 τεῖχος
471 1150 763 1236 περιβεβλημένον.
803 1161 865 1236 γῆς
883 1148 921 1216 δὲ
940 1152 1021 1217 ὅταν
1038 1151 1110 1236 μυρίι

87 1278 114 1319 10
127 1253 258 1338 πλέθρα
285 1256 306 1338 ἢ
334 1258 381 1319 ἔτι
409 1259 510 1321 πλείω
538 1256 664 1341 ἀκούσῃ
694 1257 738 1334 ὥς
765 1280 815 1335 τις
846 1258 911 1343 ἀρα
943 1255 1109 1342 κεκτημένα

127 1362 306 1445 θαυμαστά
328 1363 450 1444 πλήθει
477 1359 643 1445 κέκτηται,
667 1363 856 1448 πάνσμικρα
879 1364 970 1430 δοκεῖ
994 1365 1110 1430 ἀκούειν

128 1469 175 1545 είς
198 1467 329 1533 ἀπασαν
352 1468 481 1545 είωθὼς
504 1468 565 1552 την
587 1477 651 1551 γῆν
675 1466 818 1553 βλέπειν.
864 1471 904 1534 τά
933 1467 969 1535 δὲ
995 1472 1036 1554 δὴ
1058 1468 1110 1554 γέν

127 1574 341 1659 ὑμνούντων,
365 1575 409 1651 ὡς
432 1577 586 1656 γενναῖύς
607 1598 657 1651 τις
681 1574 761 1640 ἑπτά
783 1576 937 1655 πάππους
958 1579 1110 1643 πλουσίου

128 1685 213 1766 έχων
241 1681 426 1767 ἀποφῆναι,
458 1683 668 1746 παντάπασιν
696 1682 805 1766 ἀμβλὺ
832 1680 888 1747 καὶ
916 1681 969 1748 ἐπὶ
994 1684 1110 1770 ,σμικρδ

88 1809 114 1850 ιτ
129 1788 286 1874 ὁρώντων
317 1788 445 1871 ἡγεῖται
475 1789 536 1852 τὸν
566 1791 721 1871 ἔπαινον,
752 1788 818 1853 ὑπὸ
851 1787 1070 1867 ἀπαιδευσίας
1100 1813 1110 1854 ι

129 1893 327 1979 δυναμένων
359 1896 414 1976 είς,
435 1896 473 1959 τὸ
505 1903 572 1960 πάν
599 1892 650 1960 ἀεὶ
678 1892 812 1977 βλέπειν
842 1892 923 1960 οὐδὲ
950 1899 1110 1980 λογίζεσθε

129 2003 179 2067 ὅτι
202 2001 343 2067 πάππων
362 1998 417 2066 καὶ
439 2004 617 2087 προγόνων
635 2000 795 2086 μυριάδες
817 1998 943 2088 ἑκάστῳ
962 2004 1110 2083 γεγόνασ,

128 2108 362 2193 ἀναρίθμητοι,
387 2106 423 2172 έν
443 2098 495 2184 αἷς
517 2108 672 2172 πλούσιοι
695 2103 749 2171 καλ
767 2104 893 2191 πτωχοὶ
914 2105 971 2172 καλ
993 2111 1110 2190 βασιλε

127 2214 183 2279 καὶ
207 2217 323 2279 δοῦλοι
345 2214 513 2299 βάρβαροί
532 2236 568 2277 τε
590 2211 645 2278 καὶ
665 2211 823 2295 Ἕλληνες
846 2213 1005 2290 πολλάκις
1028 2217 1110 2301 μυρί

88 2342 115 2381 ιο
128 2323 307 2402 γεγόνασιν
336 2319 481 2404 ὁτῳοῦν,
514 2316 585 2383 ἀλλ’
617 2317 670 2385 έπλ
702 2317 799 2385 πέντε
826 2317 881 2385 καὶ
909 2326 1015 2386 είκοσι
1044 2344 1110 2386 κατι

129 2426 216 2510 λόγῳ
245 2424 421 2505 προγόνων
449 2422 707 2509 σεμνυνομένων
736 2422 790 2491 καλ
821 2424 1063 2512 ἀναφερόντων
1096 2452 1111 2493 ε

124 2526 288 2615 Ἡρακλέα
305 2528 365 2593 τὸν
380 2525 630 2614 Ἀμφιτρύωνος
647 2530 774 2615 <άτοπα
793 2531 881 2619 αύτῷ
901 2537 1109 2617 παταφαίνετ

128 2645 186 2721 της
209 2637 458 2722 σμικρολογίας,
486 2635 538 2700 ὅτι
561 2632 598 2702 δέ
621 2636 639 2702 δ
663 2632 718 2703 ἀπ’
742 2635 1013 2724 Ἁμφιτρύωνος>
1036 2642 1110 2718 είςι

129 2746 198 2824 άνω
228 2743 572 2828 <πεντεκαιεικοστὸς>
604 2753 756 2823 τοιοῦτος
783 2740 826 2828 ἧν
856 2746 910 2810 οἵα
943 2744 1110 2830 συνέβαιν,

89 2871 115 2912 ετ
130 2850 219 2938 αὐτῷ
247 2851 344 2935 τύχη,
376 2847 431 2915 καλ
460 2849 477 2915 ὁ
505 2853 726 2933 πεντηκοστὸς
753 2845 808 2916 ἀπ’
839 2852 957 2935 αὐτοῦ,
991 2858 1073 2939 γελᾷ
1102 2877 1110 2917 ι

130 2957 326 3042 δυναμένων
341 2958 535 3039 λογίζεσθαί
547 2953 651 3021 τεκαὶ
665 2958 853 3040 χαυνότητα
872 2956 1017 3041 ἀνοήτου
1035 2969 1110 3043 ψυχι

130 3061 355 3130 ἀπαλλάττειν.
401 3060 438 3126 έν
471 3062 573 3127 ἀπασι
605 3062 647 3145 δὴ
679 3063 810 3139 τούτοις
842 3061 860 3127 δ
892 3072 1046 3142 τοιοῦτος
1076 3065 1110 3130 δι

129 3182 196 3235 τῶν
222 3175 356 3236 πολλῶν
383 3173 615 3251 καταγελᾶται,
642 3169 682 3232 τά
710 3164 770 3252 μὲν
793 3168 1016 3253 ὑπερηφάνως
1045 3173 1108 3254 ἔχω

128 3296 341 3304 ———

218 3368 234 3415 3
258 3359 385 3449 ουβύηην
408 3360 468 3415 PK:
482 3360 548 3447 ,τῶν
571 3359 703 3448 συβωτῶν
721 3361 730 3428 ΙΙ
750 3365 781 3414 11
805 3360 911 3430 πλήθει
934 3361 995 3417 PA:
1018 3358 1110 3448 πλήθη

115 3432 320 3558 ἂκχθόηχχτνχηοο
338 3451 431 3486 ατοπα
442 3462 474 3471 -
484 3436 688 3502 Αμφιτρυωνος
705 3441 733 3485 et
748 3437 782 3485 24
796 3450 1058 3497 πεντεκαιεικοοτος
1071 3449 1105 3488 ex
