2400 3930
122 157 165 220 36
534 153 726 209 IAMBLIOHI

122 327 189 382 τῶν
212 319 324 383 ἀλλων
342 316 381 394 δς
403 320 522 402 ἔχομεν
541 317 695 401 ἐπιτυχὴς
716 311 919 400 δυνάμεων),
944 317 1086 399 ἔμπαλιν
1103 342 1107 377 ι

123 421 178 489 καλ
201 426 258 502 τὰς
281 423 415 512 πράξεις
437 422 493 489 καλ
510 424 618 489 πάντα
642 424 682 487 τὰ
701 423 785 488 ἀλλα
802 424 886 508 πρὸς
904 430 991 486 νοῦν
1011 419 1067 487 καλ
1082 422 1107 486 τί

124 533 209 597 θεὸν
233 530 446 615 συντακτίου,
469 529 524 596 καί
548 529 612 595 ἀπὸ
635 529 757 594 τούτου
780 525 835 593 καὶ
857 538 925 593 τῶν
944 529 1028 593 κατὰ
1046 527 1107 613 με’ρι

125 641 345 722 καθηκόντων
372 639 409 703 τὸ
438 638 633 721 εὐλόγιστον
661 632 916 720 ἀναμετρητέον.
969 636 1080 700 δικαία
1103 660 1107 695 τ

98 746 189 830 ιγδιρ
216 742 271 809 καὶ
298 741 369 808 κατ’
397 742 492 821 ἀξίαν
519 743 539 827 ῆ
568 745 676 829 κρίσις
702 738 758 806 καὶ
784 743 870 826 μόνη
898 751 1017 806 πασῶν
1048 742 1107 806 ίιιαι

124 851 186 933 τὴν
210 850 377 934 ἀληθινὴν
407 849 600 935 ἀνθρώποις
627 849 845 932 εὐδαιμονίαν
872 849 1107 934 παρασκευάζει

127 947 154 1045 ᾧ
173 957 237 1042 γὰρ
256 965 323 1021 τῶν
337 957 450 1021 ἀλλων
464 954 668 1040 διαφέρομεν
688 950 791 1042 ζῴων,
810 952 847 1018 ἐν
865 955 959 1042 μόνω
979 955 1020 1038 δῆ
1038 955 1107 1019 τοῦτ

126 1072 172 1152 τῷ
197 1066 259 1151 βίφ
285 1063 472 1148 διαλάμπει,
496 1051 523 1150 ᾦ
548 1062 610 1127 οὐκ
632 1057 674 1144 ἦν
693 1084 725 1125 τι
743 1062 845 1144 τυχὸν
862 1057 918 1125 καὶ
938 1060 980 1125 οὐ
998 1061 1107 1145 μεγιίλη

100 1153 102 1158 ’
127 1173 205 1254 ἔχον
228 1169 333 1247 ἀξίαν.
370 1173 474 1253 λόγου
495 1165 557 1253 μὲν
574 1168 639 1251 γὰρ
658 1165 713 1232 καλ
737 1169 934 1252 φρονήσεως
952 1168 1052 1253 μικροί
1067 1189 1107 1231 τιν

87 1294 113 1333 10
127 1272 182 1339 καὶ
201 1273 238 1338 ἐν
253 1273 392 1352 ἐκείνοις
406 1276 608 1357 αάθύγματα,
628 1277 750 1358 σοφίας
768 1270 806 1339 δὲ
819 1279 1027 1358 θεωρητικῆς
1041 1281 1107 1337 ταῦτ

127 1376 189 1465 μὲν
220 1385 388 1458 παντελῶς
420 1383 558 1466 ἄμοιρα,
590 1381 707 1464 μόνοις
738 1377 775 1446 δὲ
801 1378 932 1464 μέτεστι
961 1377 1107 1456 θεοῖςλ

128 1488 309 1571 αἰσθήσεσί
328 1511 365 1571 γε
388 1485 444 1552 καὶ
467 1486 585 1570 ὁρμαῖς
607 1490 741 1552 πολλῶν
769 1487 833 1571 ῆδη
858 1483 952 1573 ζῴων
974 1495 1031 1570 τῆς
1052 1485 1107 1568 ἀκρι

129 1595 221 1676 βείας
247 1591 303 1658 καί
330 1603 388 1678 τῆς
418 1593 531 1677 ίσχύος
560 1595 704 1657 λείπεται
733 1593 927 1677 ἄνθρωπος,
958 1590 1014 1658 καὶ
1040 1593 1107 1676 μόνο

128 1710 229 1766 τοῦτο
253 1702 358 1776 ὄντως
377 1700 509 1784 ἀγαθὸν
527 1697 764 1784 ἀναφαίρετον,
788 1697 807 1763 ὃ
827 1699 868 1781 δὴ
887 1697 1050 1784 περιέχειν
1065 1711 1107 1776 σιη

90 1824 115 1864 15
129 1813 277 1890 χωροῦσι
300 1806 361 1889 τῆν
386 1814 447 1870 τοῦ
471 1805 605 1890 ἀγαθοῦ
631 1807 783 1886 ἔννοιαν,
811 1804 967 1888 οὐδαμῶς
994 1802 1053 1890 μὲν
1071 1809 1107 1867 τοι

129 1921 285 1998 τυχηροῖς
313 1911 555 1990 ὑποτάττοντος
582 1910 702 1977 ἑαυτὸν
729 1911 812 1975 κατὰ
839 1918 960 1976 τοῦτον
988 1913 1047 1976 τὸν
1066 1908 1107 1993 βίι

130 2028 192 2084 τοῦ
215 2021 418 2104 σπουδαίου,
448 2019 512 2085 ἀπὸ
540 2016 577 2084 δὲ
599 2028 667 2082 τῶν
691 2017 891 2104 ὑποχειρίων
918 2026 960 2104 τῆ
983 2019 1061 2103 τύχη
1080 2012 1107 2098 μό

129 2131 226 2192 λιστα
250 2126 291 2209 δὴ
314 2126 450 2191 πάντων
475 2124 594 2191 ἑαυτὸν
617 2123 916 2208 ἐλευθερώσαντος.
964 2125 1017 2189 διὸ
1036 2119 1107 2188 nam

131 2238 273 2317 θαρρεῖν
304 2230 337 2309 ἐξ
365 2231 445 2312 ὅλης
471 2239 529 2312 τῆς
556 2229 689 2313 γνώμης
723 2228 759 2294 ἐν
790 2229 897 2318 τοῦτφ
931 2230 1107 2295 διατελοῦνι

92 2355 119 2396 20
133 2339 241 2401 ἔνεστι
263 2342 308 2421 τῷ
333 2337 405 2420 βίφ.
450 2336 542 2410 τίνος
564 2335 628 2420 γὰρ
651 2338 701 2412 τίς
720 2336 823 2400 αὐτὸν
844 2335 1063 2421 ἀφαιρήσεται
1080 2329 1107 2396 τὸ

131 2440 232 2505 πάλαι
246 2449 313 2503 τῶν
333 2438 560 2524 ἀφαιρεθῆναι
574 2440 656 2505 οἴων
673 2465 709 2506 τε
728 2439 847 2507 ἑαυτὸν
866 2441 1107 2528 ἀλλοτριῶσαντι

131 2549 251 2632 ἔχοντα
275 2541 312 2610 δδ
334 2546 394 2610 τὸν
413 2547 518 2623 όντως
536 2544 656 2612 ἑαυτὸν
679 2545 734 2612 καί
756 2551 860 2626 ζῶντα
884 2547 921 2612 ἐν
940 2560 1011 2626 τοῖς
1029 2547 1107 2614 ἑαντῦ

132 2651 188 2720 καὶ
210 2654 417 2740 τρεφόμενον
446 2651 510 2718 ἀπὸ
537 2663 604 2718 τῶν
628 2653 732 2718 αὑτοῦ
755 2652 891 2738 καὶτῆς
914 2654 1091 2741 ἀμετρήτον

134 2769 299 2845 συνῆπται
322 2766 408 2825 θεοῦ
431 2759 582 2838 εὐζωίαςς
605 2769 755 2825 τοιαῦται
776 2757 838 2846 μὲν
862 2756 925 2826 οὖν
948 2762 1029 2847 ῆμλυ
1051 2762 1107 2826 ἔστι

94 2884 120 2925 25
134 2883 198 2931 σαν
231 2867 268 2930 αί
303 2869 386 2952 πρὸς
419 2867 481 2950 τῆν
517 2867 724 2950 τελειοτάτην
757 2870 881 2950 σοφίαν
913 2872 1107 2952 Πυθαγορικι

137 2973 367 3059 παρακλήσεις.

222 3079 278 3145 VI.
308 3073 398 3143 Ἐπεί
426 3073 464 3143 δὲ
492 3077 686 3165 ἀνθρώποις
709 3080 947 3164 διαλεγόμεθα,
978 3074 1049 3146 ἀλλ’
1074 3073 1107 3142 οὐ

134 3198 204 3263 τοῖς
226 3187 288 3269 τὴν
311 3187 411 3250 θείαν
429 3194 551 3269 μοίραν
573 3194 630 3269 τῆς
655 3188 736 3269 ζωῆς
753 3187 932 3272 πρόχειρον
950 3188 1073 3271 ἔχουσι,
1093 3180 1107 3244 δ

207 3355 242 3403 20
260 3353 302 3415 τίς
320 3368 370 3405 scr.
390 3349 428 3404 Κι
449 3370 491 3413 τις
504 3351 513 3420 ss
527 3346 587 3422 τόν]
606 3320 672 3406 τῶὸν
695 3353 704 3422 ss
727 3356 760 3405 21
786 3341 1017 3421 ἆλλοτριοίσαυτῗ,
1033 3351 1096 3406 item

137 3439 285 3572 ἔχοντῗνρΙλ
304 3433 437 3572 ζῶνχξΚολ
451 3455 485 3503 23
499 3447 676 3519 τρεφόμενον
696 3465 729 3503 ex
747 3445 911 3520 τρεφομὲνω
925 3450 984 3518 1127
999 3467 1022 3506 ο.
1037 3441 1107 3504 VLV

137 3545 172 3564 =
190 3535 214 3573 ο.
299 3535 344 3587 ap.
412 3560 418 3572 .
