2430 3930
358 147 630 205 PROTREPTICUS
649 151 684 219 (ο.
698 151 782 220 XXI).
1014 150 1078 215 125

10 314 42 375 λς’
154 311 200 375 Τὸ
215 306 253 375 δέ
270 312 440 397 προτίμα
459 312 500 375 τὸ
520 319 646 395 σχῆμα
664 310 728 377 καὶ
746 315 848 396 βῆμα
866 319 935 376 τοῦ
954 321 1079 397 σχῆμα

55 414 125 482 καὶ
156 417 377 508 τριώβολον
409 416 629 504 παραγγέλλει
661 427 774 483 τοῦτο·
812 421 992 502 φιλοσόφει
1022 415 1079 484 καί
1184 472 1189 479 .

56 524 238 608 μαθῆματα
261 521 373 607 μέτιθι
396 524 440 608 μῆ
464 522 651 608 παρέργως,
682 522 737 589 καὶ
761 521 805 589 δι’
833 524 944 589 αὐτῶν
967 524 1078 609 ὥσπερ

56 628 247 714 διαβάθρας
279 626 332 694 ἐπὶ
366 630 402 694 τὸ
435 633 655 714 προκείμενον
689 631 800 715 χώρει·
838 631 1003 696 κατάπαυε
1039 627 1077 694 δέ

54 746 125 801 τῶν
153 733 415 819 προτιμωμένων
444 734 501 800 καὶ
529 719 806 821 πρεσβευομένων
833 745 903 813 τοῖς
930 740 1104 818 πολλοῖς,ι

55 839 112 907 καὶ
136 841 280 925 προτίμα
298 840 360 924 τῆν
376 837 539 924 Ἰταλικὴν
559 845 765 927 φιλοσοφίαν
785 843 846 927 τῆν
863 843 903 906 τά
922 840 1078 925 ἀσώματα

55 945 136 1014 καθ’
172 947 256 1012 αὑτά
287 953 488 1031 θεωροῦσαν
521 955 578 1031 τῆς
602 941 750 1032 Ἰωνικῆς
781 956 839 1031 τῆς
870 948 911 1012 τά
943 948 1078 1031 σώματα

54 1050 318 1139 προηγουμένως
342 1051 635 1137 έπισκοπουμένης.

10 1143 41 1212 ζ
151 1160 196 1224 Τὸ
212 1156 248 1223 δὲ
267 1158 426 1243 κυάμων
445 1158 591 1244 άπέχου
609 1159 831 1244 συμβουλεύει
849 1158 1077 1243 φνλάττεσθαι

12 1221 124 1330 Κπάν
148 1265 231 1330 ὅσον
254 1261 324 1330 ἐστὶ
347 1267 538 1350 φθαρτικὸν
560 1274 619 1349 τῆς
641 1267 724 1350 πρὸς
746 1267 850 1343 θεοὺς
870 1264 963 1349 ὁμιλί
962 1289 999 1342 ας
948 1263 1077 1330 ίκαὶ
1093 1284 1118 1324 10

56 1381 115 1455 τῆς
137 1373 235 1447 θείας
256 1379 425 1455 μαντικῆς.

10 1469 40 1542 -ἠ
150 1478 196 1541 Τὸ
225 1472 262 1541 δὲ
290 1479 463 1562 μολόχην
492 1479 737 1562 μεταφύτευε
770 1475 856 1561 μέν,
888 1479 936 1561 μῆ
966 1433 1094 1551 ἔσθιε

57 1580 114 1666 δε,
144 1583 322 1648 αἰνίττεται
350 1579 458 1666 μὸν”
440 1605 491 1648 οτι
520 1581 736 1667 συντρέιιεται
763 1591 808 1670 τῷ
836 1583 919 1670 ῆλίω
948 1583 988 1646 τά
1011 1604 1076 1646 τοι-

57 1698 141 1754 αῦτα
164 1689 255 1772 φυτά
277 1687 333 1755 καὶ
355 1699 559 1775 παρατηρεῖν
584 1687 673 1766 άξιοί
692 1697 802 1771 τοῦτο,
826 1691 1017 1773 πρόσκειται
1039 1685 1076 1752 δὲ

56 1795 95 1858 τὸ
122 1796 382 1881 μεταφύτευε,
414 1793 587 1861 τουτέστιν
615 1794 747 1872 ἐπιστάς
775 1802 814 1879 τῆ
842 1794 946 1859 αὐτοῦ
976 1795 1076 1878 φύσει
1092 1814 1116 1854 15

57 1899 111 1965 καὶ
132 1910 173 1986 τῆ
192 1902 274 1986 πρὸς
292 1904 352 1967 τὸν
370 1903 467 1986 ῆλιον
491 1902 639 1967 διατάσει
662 1899 717 1966 καὶ
737 1904 928 1988 συμπαθείᾳ
951 1901 995 1984 μῆ
1020 1899 1077 1984 άρ-

10 2022 47 2066 ιλ·
57 2016 119 2073 κοῦ
151 2005 236 2092 μηδὲ
268 2008 400 2093 ἐπίμενε
432 2011 524 2095 μόνω
557 2007 680 2095 τούτῳ,
714 2007 797 2073 άλλδι
828 2009 889 2091 τῆν
922 2007 1076 2087 διάνοιαν

58 2116 252 2198 μεταβίβαζε
275 2112 330 2178 καὶ
353 2112 475 2179 ὡσανεὶ
495 2103 699 2198 μεταφύτευε
718 2111 775 2178 καὶ
793 2111 846 2178 ἐπὶ
868 2113 909 2177 τά
932 2111 1076 2196 ὁμογενῆ

59 2221 148 2304 φυτά
171 2216 228 2284 καὶ
250 2219 377 2304 λάχανα
399 2218 454 2284 καὶ
474 2219 527 2285 ἐπὶ
549 2221 589 2284 τά
611 2221 655 2305 μῆ
679 2218 823 2304 ὁμογενῆ
844 2215 907 2300 [δὲ]
930 2221 993 2307 ζῷα
1012 2219 1076 2302 ῆδη

57 2324 112 2391 καὶ
145 2329 266 2402 λίθους
296 2323 352 2390 καὶ
385 2328 553 2410 ποταμούς
585 2323 650 2391 καί
667 2326 779 2409 ,πάσας
808 2325 918 2403 ἁπλῶς
945 2325 1078 2410 φύσεις·
1092 2345 1118 2384 νο

57 2433 229 2516 πολύχουν
265 2433 329 2517 γάρ
366 2431 517 2516 εὑρήσεις
548 2431 604 2497 καὶ
635 2432 848 2518 πολύτροπον
881 2435 1078 2516 θαυμασίως

59 2535 95 2604 δὲ
120 2535 259 2617 δαψιλὲς
281 2539 318 2603 τὸ
342 2546 400 2621 τῆς
422 2547 482 2603 τοῦ
501 2541 628 2623 κόσμου
648 2537 796 2614 ἕνάσεως
819 2536 874 2602 καὶ
893 2542 1078 2624 συμπνοίας

59 2647 275 2730 σημαντικόν,
300 2645 410 2728 ὥσπερ
435 2643 498 2709 άπὸ
523 2643 613 2728 ῥίζης
636 2642 691 2708 καὶ
715 2644 878 2729 άφετῆρος
901 2653 958 2727 τῆς
980 2648 1078 2729 μολύ-

10 2767 45 2806 ἰΚ.
59 2775 119 2835 γης
143 2749 345 2835 ὡρμημένος.
393 2751 434 2814 οὐ
452 2752 560 2834 μόνον
581 2744 643 2814 οὖν
662 2752 706 2833 μῆ
726 2752 819 2814 ἔσθιε
838 2746 921 2833 μηδὲ
940 2750 1078 2834 άφάνιζε

57 2860 116 2934 τὰς
138 2858 294 2933 τοιαύτας
316 2859 570 2942 παρατηρήσεις,
594 2855 677 2921 άλλδι
699 2853 755 2920 καλ
774 2850 851 2934 αὖξε
873 2854 928 2921 καὶ
951 2861 1078 2941 πληθο-
1093 2875 1119 2915 ιι

58 2966 148 3029 ποίει
174 2965 271 3047 δίκην
294 2964 590 3048 μεταφυτεύοντος.

12 3073 42 3130 θ’
155 3071 201 3135 Τὸ
231 3066 268 3134 δὲ
295 3068 479 3153 ἐμψύχων
503 3066 649 3153 άπέχου
677 3066 730 3133 ἐπὶ
758 3068 977 3151 δικαιοσύνην
998 3089 1079 3153 προ-

57 3174 173 3261 τρέπει
191 3174 247 3241 καὶ
264 3184 373 3240 πᾶσαν
392 3175 454 3257 τῆν
473 3184 533 3239 τοῦ
552 3183 737 3259 συγγενοῦς
752 3174 851 3257 τιμῆν
869 3171 924 3237 καὶ
942 3175 1004 3257 τῆν
1022 3183 1079 3258 τῆς

59 3283 179 3367 ὁμοίας
200 3285 281 3366 ζωῆς
300 3279 470 3364 άποδοχῆν
489 3277 644 3365 καὶπρὸς
662 3280 757 3367 ἕτερα
777 3287 913 3372 τοιαῦτα
932 3283 1079 3345 πλείονα.

133 3445 151 3492 4
170 3439 333 3509 διαβάθρας
352 3437 531 3507 Scaliger(?);
552 3438 585 3492 cf.
601 3438 704 3495 Praei:
724 3436 771 3493 διά
788 3435 899 3511 βάθροις
913 3439 922 3506 U
938 3443 970 3492 19
986 3436 1016 3492 δὲ
1033 3439 1079 3492 de·

59 3510 129 3564 levi:
149 3529 181 3579 γε
197 3511 310 3580 scripsi&
327 3509 360 3561 K.
