2400 3930
28 157 74 222 40
439 154 631 210 IAMBLIGHI

31 319 171 403 ἀγαθῶν
194 319 215 402 ἡ
238 321 413 405 φρόνησις.
455 317 496 382 ού
520 318 562 400 δὴ
591 316 645 382 δεῖ
665 317 806 401 φεύγειν
829 320 948 401 φιλοσο

31 431 121 511 είπερ
141 422 232 491 ἐστὶν
249 425 270 509 ἡ
289 421 350 510 μέν
368 426 564 508 φιλοσοφία,
583 422 736 507 καθάπερ
756 424 911 507 οίόμεῦα,
935 447 948 488 ι

31 555 65 598 τε
97 530 153 598 καί
189 541 305 617 χρῆσις
342 535 476 616 σοφίας,
513 530 533 613 ἡ
567 526 604 595 δέ
641 530 745 614 σοφία
776 538 846 594 τῶν
881 553 945 614 μεγ

31 639 186 722 ἀγαθῶν·
222 633 302 703 οὐδὲ
340 639 391 702 δεῖ
421 636 598 723 χρημάτων
632 631 693 719 μὲν
728 633 824 700 ἕνεκα
861 641 949 700 πλεῖτ

4 741 230 827 ῡἩρακλέους
257 744 379 825 στήλας
405 741 461 809 καί
489 741 646 818 πολλάκις
672 742 901 824 κινδυνεύειν,
933 743 949 805 δ

31 852 199 935 φρόνησιν
222 846 329 934 μηδὲν
351 859 468 915 πονεῖν
492 844 575 933 μηδὲ
599 849 761 912 δαπανᾶν.
798 841 943 932 ἧμην’
926 873 949 911 α

30 954 182 1034 ποδῶδές
208 981 246 1041 γε
273 965 335 1023 τοῦ
359 960 417 1040 ζῆν
440 956 524 1021 ἀλλὰ
550 955 595 1040 μὴ
622 963 683 1019 τοῦ
711 956 769 1036 ζῆν
793 948 831 1019 εὖ
861 957 949 1038 γλίχε

31 1062 181 1142 καλιαῖς
207 1075 275 1130 τῶν
304 1069 438 1129 πολλῶν
461 1061 564 1126 αὐτὸν
593 1061 794 1125 ἀκολουθεῖν
823 1059 937 1138 δόξαις

33 1171 77 1254 μὴ
100 1173 180 1247 τοῦς
202 1173 348 1247 πολλοὺς
370 1168 487 1247 ἀξιοῦν
508 1177 581 1244 ταῖς
604 1167 719 1249 αὑτοῦ,
741 1163 798 1231 καὶ
820 1167 862 1230 τὰ
884 1163 945 1251 μέν

7 1293 118 1358 οματα
143 1277 249 1358 ζητεῖν
272 1285 339 1339 τῶν
368 1270 406 1339 δέ
428 1278 540 1338 καλῶν
568 1275 733 1358 μηδεμίαν
763 1270 950 1357 ἐπιμέλειαν

33 1385 146 1443 εῖσθαι
168 1380 373 1463 τοπαράπαν.

121 1484 188 1551 Καὶ
213 1484 288 1572 περὶ
312 1482 373 1570 μὲν
396 1484 558 1570 ὠφελείας
579 1482 634 1549 καί
663 1483 829 1570 μεγέθους
856 1493 917 1550 τοῦ
943 1510 950 1549 ι

34 1615 135 1678 ματος
165 1593 285 1670 ίκανῶς
314 1592 552 1675 ἀποδεδεῖχθαι
579 1595 717 1676 νομίζω,
750 1593 836 1656 διότι
870 1587 907 1656 δὲ
935 1615 950 1655 π

34 1695 138 1784 ῥᾴστη
165 1710 233 1766 τῶν
261 1701 372 1765 ἀλλων
395 1698 535 1782 ἀγαθῶν
557 1698 578 1781 ἡ
601 1708 714 1783 κτησις
736 1698 852 1782 αὐτῆς,
882 1698 917 1765 ἐκ
941 1722 951 1761 ι

8 1808 188 1889 σπεισῦείη
211 1830 261 1883 τις
284 1807 335 1872 ἀν.
381 1807 418 1871 τὸ
448 1807 512 1891 γάρ
535 1807 615 1889 μήτε
639 1810 766 1889 μισθοῦ
789 1807 879 1891 παρδι
902 1814 951 1870 τῶι

33 1912 182 1999 θρῶπων
200 1911 383 1997 γινομένου
401 1923 471 1990 τοῖς
489 1916 727 1997 φιλοσοφοῦσι,
752 1905 797 1975 δι’
820 1911 860 1976 ὃν
880 1929 951 1977 συντ

34 2020 140 2097 οὕτως
163 2019 205 2084 ἀν
229 2021 483 2104 διαπονήσειαν,
514 2018 601 2083 πολύ
628 2040 663 2081 τε
690 2014 897 2103 προεμένους
923 2020 951 2083 εί

34 2129 135 2206 ἄλλας
157 2125 274 2211 τέχνας
292 2129 381 2212 ὅμως
404 2126 437 2205 ἐξ
460 2125 577 2209 ὀλίγον
594 2125 720 2209 χρόνου
742 2121 887 2202 θέοντας
909 2147 951 2190 πα

35 2232 177 2299 λυθέναι
199 2244 271 2309 ταῖς
295 2233 492 2318 ἀκριβείαις,
520 2233 659 2314 σημεῖόν
686 2254 742 2314 μοι
772 2232 866 2295 δοκεῖ
891 2241 948 2315 τῆς

0 2356 22 2393 ³⁰
36 2339 97 2420 τὴν
127 2339 333 2421 φιλοσοφίαν
367 2331 453 2400 εἶναι
484 2335 664 2421 ῥᾳστώνης.
710 2338 757 2400 ἔτι
790 2332 828 2400 δέ
859 2337 897 2401 τὸ
925 2358 952 2401 π

36 2446 239 2526 φιλοχωρεῖν
266 2439 316 2506 ἐπ’
348 2441 430 2525 αὐτῇ
462 2439 518 2505 καὶ
548 2442 734 2525 βούλεσθαι
766 2442 939 2526 σχολάζειν

36 2544 158 2631 μένους
180 2557 247 2610 τῶν
271 2547 381 2612 ἀλλων
405 2546 571 2630 ἁπάντων,
597 2547 638 2612 οὐ
661 2549 780 2633 μικρὸν
798 2551 952 2633 τεκμηριο

36 2649 113 2738 μεθ’
134 2653 258 2737 ἡδονῆς
276 2652 296 2736 ἡ
315 2654 516 2739 προσεδρεία
534 2657 696 2738 γίγνεται·
719 2664 837 2720 πονεῖν
856 2657 920 2741 γὰρ
940 2681 952 2721 ι

37 2760 145 2827 ἐθέλει
168 2762 277 2826 πολύν
300 2762 435 2847 χρόνον.
476 2762 558 2847 πρὸς
582 2757 620 2825 δέ
638 2762 769 2838 τούτοις
787 2761 808 2844 ἡ
827 2770 944 2847 χρῆσις

37 2882 118 2932 στον
150 2866 302 2953 διαφέρει
334 2867 485 2934 πάντων·
517 2863 598 2932 οὐδὲ
627 2868 690 2954 γὰρ
721 2867 853 2933 δέονται
880 2870 953 2956 πρὸς

37 2973 195 3060 ἐργασίαν
223 2971 378 3057 ὀργάνων
406 2969 486 3038 οὐδέ
513 2976 640 3056 τόπων,
671 2969 741 3039 ἀλλ’
770 2974 834 3058 ὅπη
861 2999 912 3052 τις
939 2975 953 3041 δ

36 3099 250 3111 unu—‘—

108 3173 124 3222 9
143 3162 224 3232 ἀξι
180 3185 273 3220 ιτουν
275 3169 320 3227 ς
334 3184 422 3219 αυτο
410 3165 501 3252 (sic)
520 3165 642 3219 correxit
655 3182 754 3218 manus
768 3183 865 3222 recens
879 3184 953 3237 marg

37 3239 107 3293 rent.
118 3244 160 3304 86,
171 3243 218 3291 29:
233 3232 314 3302 ἄξι’
270 3255 380 3297 ιονντες
394 3232 482 3290 αύτου
469 3231 523 3305 ”(ύ
533 3236 597 3291 fort.
608 3252 642 3289 ex
650 3231 680 3305 v)
695 3238 704 3304 ΙΙ
720 3242 752 3290 15
766 3235 921 3325 πέπεισμαι
935 3239 954 3293 li

39 3313 71 3360 16
87 3277 254 3375 φιλοσόφοις
268 3307 339 3362 liber
352 3306 391 3361 111
405 3309 415 3378 ζ
430 3314 463 3362 17
479 3307 518 3369 εἰς
533 3324 587 3362 om.
602 3305 722 3361 liberm
736 3308 745 3375 λ
759 3313 792 3362 21
809 3305 857 3362 ἐπ’
873 3310 950 3364 delet

37 3382 72 3431 23
91 3395 112 3430 π
113 3378 243 3446 ροσεῦρεί
241 3397 260 3431 α
279 3380 345 3446 (non
364 3378 470 3447 aliter)]
489 3377 641 3444 προεδρεία
660 3393 693 3431 ex
712 3394 808 3448 apogr.
823 3380 910 3434 Rose.
930 3381 954 3435 li

36 3466 58 3500 π
59 3447 238 3517 ρ.οσεδρείαί
255 3445 321 3503 1091‘
331 3451 376 3518 (ε
386 3447 528 3519 Villois.p
532 3454 604 3503 ,218
607 3450 668 3516 ,21)
684 3451 746 3502 eta
726 3451 912 3520 πρ.οεδρίανέ
930 3460 954 3507 14

37 3468 149 3574 Villois.
163 3534 190 3585 p.
206 3522 258 3571 214
259 3519 327 3588 ,14)
342 3520 352 3588 n
365 3524 399 3573 25
419 3514 486 3574 ούδέ
488 3539 505 3574 ν
510 3467 578 3588 Ι)γάρ
598 3518 670 3573 liber
683 3518 731 3574 III.
