2400 3930
126 158 168 223 96
535 155 727 211 IAMBLICHI

127 327 208 385 σθαι
236 321 402 403 μεγίστην.
448 319 531 402 πρὸς
559 318 600 401 δὴ
627 318 772 400 τούτοις,
803 315 837 395 ἐξ
861 311 903 381 οὗ
926 318 970 382 ἀν
994 339 1043 393 τις
1064 319 1089 400 βε

127 431 221 509 ληται
245 425 347 503 δόξαν
369 426 459 510 παρά
477 435 548 502 τοῖς
567 423 760 507 ἀνθρώποις
779 427 895 506 λαβεῖν
913 419 971 488 καὶ
992 431 1089 488 τοιού

127 534 311 616 φαίνεσθαι
341 523 411 607 οίος
438 529 480 595 ἀν
507 521 556 615 ᾖ,
578 530 695 594 αὐτίκα
724 531 778 594 δεῖ
801 526 882 594 νέον
908 550 945 594 τε
977 527 1089 615 ἀρξασλ

126 637 181 704 καὶ
205 639 404 724 έπιχρησθαι
423 638 511 725 αὐτῷ
532 636 664 722 ὁμαλῶς
682 633 733 701 ἀεὶ
751 633 807 700 καὶ
825 636 869 720 μὴ
889 636 1008 701 ἀλλοτε
1025 636 1089 700 ἀλλι

99 741 374 829 εσυγχρονισθὲν
397 742 458 829 μὲν
481 745 545 828 γάρ
574 743 712 808 ἕκαστον
734 742 864 806 τούτων
887 739 944 806 καὶ
968 741 1080 806 αὐτίκα

127 849 313 934 ἀρξάμενον
331 847 386 914 καὶ
410 846 624 934 συναυξηθλν
643 850 690 925 είς
707 846 801 924 τέλος
819 848 983 933 λαμβάνει
1005 847 1089 931 βέβαι

126 959 188 1041 τὴν
216 955 318 1035 δόξαν
345 955 400 1022 καὶ
427 957 465 1022 τὸ
492 954 588 1033 κλέος
616 956 671 1020 ἀιά
698 954 791 1037 τάδε,
819 954 870 1019 ὅτι
897 954 1083 1019 πιστεύεταί

127 1065 191 1148 ἤδη
216 1063 473 1146 ἀνενάοιάστως,
502 1059 557 1128 καὶ
585 1061 603 1127 ὁ
632 1063 764 1145 φθόνος
790 1069 858 1124 τῶν
887 1059 1073 1146 ἀνθρώπων

127 1173 374 1254 προσγίγνεται,
394 1166 438 1233 δι’
457 1169 497 1234 ὃν
515 1170 556 1233 τά
574 1165 635 1252 μὲν
651 1167 712 1232 οὐκ
731 1164 892 1248 αὔξουσιν
906 1161 982 1231 οὐδ’
999 1167 1089 1249 εύλόγ

88 1294 114 1332 10
128 1275 309 1358 μηνύουσι,
338 1275 378 1337 τά
406 1270 443 1338 δὲ
470 1274 736 1351 καταψεύδονται
764 1273 974 1356 μεμφόμενοι
995 1273 1078 1357 παρὰ

128 1379 269 1442 δίκαιον.
316 1378 356 1442 οὐ
392 1379 456 1463 γάρ
493 1378 558 1461 ἡδὺ
594 1389 665 1454 τοῖς
700 1377 894 1461 ἀνθρώποις
930 1379 1032 1444 ἀλλον
1065 1400 1089 1440 τι

126 1493 226 1570 τιμᾶν
245 1481 356 1570 (αὐτοὶ
374 1485 437 1570 γάρ
458 1487 694 1568 στερίσκεσθαί
708 1507 800 1560 τινος
817 1481 1005 1571 ἡγοῦνται),
1029 1506 1089 1568 χειρ

127 1590 245 1667 θέντες
273 1587 311 1654 δέ
340 1589 404 1655 ὑπὸ
432 1599 490 1674 της
518 1590 664 1674 ἀνάγκης
691 1591 792 1674 αὐτῆς
818 1587 980 1655 καὶκατὰ
1003 1607 1089 1675 σμικρ

128 1698 164 1762 έκ
200 1702 326 1762 πολλοῦ
364 1694 563 1781 ἐπαχθέντες
599 1695 766 1762 ἐπαινέται
797 1694 854 1761 καὶ
889 1697 1025 1773 ἀκοντες
1053 1696 1089 1779 όμ

89 1822 113 1862 15
127 1807 315 1888 γίγνονται·
342 1804 409 1887 ἀμα
437 1799 474 1869 δὲ
501 1801 557 1868 καὶ
585 1803 647 1868 ούκ
674 1802 961 1888 ἀμφιβάλλουσιν,
990 1801 1088 1868 είτεά

127 1919 279 1986 τοιοῦτος
307 1911 486 1994 ἀνθρωπός
513 1910 603 1975 έστιν
631 1901 701 1985 οἷος
729 1911 898 1993 φαίνεται,
928 1908 949 1992 ἦ
978 1909 1089 1993 ένεδρει

127 2014 183 2081 καὶ
215 2018 396 2102 θηρεύεται
432 2019 493 2101 τὴν
527 2014 627 2094 δόξαν
662 2013 714 2081 ἐπὶ
747 2015 869 2101 ἀπάτη,
906 2013 962 2080 καὶ
994 2014 1015 2080 ἀ
1044 2035 1089 2079 ποι

127 2131 230 2188 ταῦτα
254 2125 490 2201 καλλωπίζεται
519 2123 729 2206 ὑπαγόμενος
754 2123 833 2198 τοὺς
861 2120 1071 2206 ἀνθρώπους·

129 2228 245 2315 ἐκείνῳ
269 2225 307 2292 δέ
333 2236 379 2314 τῷ
407 2231 534 2314 τρόπῳ,
563 2218 589 2313 ᾧ
618 2227 682 2309 ἐγὼ
710 2237 887 2312 προεῖπον,
916 2225 1088 2311 ἀσκηθεῐσι

90 2351 116 2390 2⁰
132 2332 229 2416 ἀρετὴ
254 2335 366 2397 πίστιν
390 2331 520 2415 ἐμποιεῖ
539 2330 615 2418 περὶ
636 2332 755 2418 ἑαυτῆς
772 2330 827 2397 καὶ
846 2332 1007 2398 εύκλειαν.
1042 2329 1089 2396 ἑαλ

129 2440 221 2512 κότες
244 2438 306 2521 γάρ
330 2437 394 2519 ἤδη
418 2437 501 2500 κατά
524 2438 562 2501 τὸ
587 2440 725 2522 ἰσχυρὸν
743 2439 779 2503 οί
799 2439 977 2523 ἀνθρωποι
999 2439 1089 2504 ούτει

130 2545 251 2629 φθόνῳ
271 2544 319 2606 έτι
338 2543 499 2607 δύνανται
517 2551 664 2628 χρῆσθαι
683 2545 759 2610 ούτε
778 2544 970 2610 ἀπατᾶσθαι
988 2548 1034 2610 ἔτι
1052 2547 1089 2608 οίι

128 2675 191 2716 ται.
233 2652 280 2716 ἔτι
301 2645 339 2714 δὲ
357 2647 412 2714 καλ
430 2648 448 2714 ὁ
467 2652 588 2734 χρόνος
611 2652 724 2716 συνὼν
747 2649 808 2736 μὲν
831 2649 956 2739 έκάστςο
980 2654 1062 2737 ἔργῳ
1080 2669 1089 2709 ι

129 2758 298 2842 πράγματα
323 2757 428 2832 πολὺς
454 2754 510 2820 καὶ
538 2757 594 2821 διὰ
625 2765 754 2842 μακροῦ
781 2757 937 2842 κρατύνει
964 2759 1002 2822 τὸ
1025 2756 1089 2821 ἀσκι

90 2879 116 2920 25
130 2887 243 2947 μενον,
268 2863 286 2928 ὁ
311 2858 347 2927 ἀὲ
370 2862 481 2945 ὀλίγος
505 2865 625 2948 χρόνος
648 2863 689 2927 ού
714 2863 853 2927 δύναται
880 2872 980 2928 τοῦτο
1004 2862 1089 2944 ἀπερη

131 2973 254 3048 ζεσθαι.
290 2966 344 3033 καὶ
363 2968 483 3052 τέχνην
502 2966 563 3052 μὲν
582 2969 624 3033 ἀν
648 2991 698 3045 τις
720 2970 782 3052 τὴν
800 2970 882 3033 κατὰ
900 2972 1021 3052 λόγους
1036 2966 1089 3033 πυί

130 3100 230 3161 μενος
243 3072 298 3140 καὶ
313 3075 433 3159 μαθὼν
448 3074 489 3139 ού
503 3077 624 3159 χείρων
640 3083 702 3140 τοῦ
721 3075 940 3151 διδάσκοντος
957 3073 999 3140 ἀν
1012 3072 1089 3158 γένοι

130 3183 167 3248 έν
200 3182 300 3269 ὀλίγῳ
332 3182 458 3268 χρόνῳ,
496 3181 594 3265 ἀρετὴ
633 3178 669 3246 ἀὲ
700 3182 772 3264 ἥτις
803 3180 836 3260 ἐξ
871 3183 980 3266 ἔργων
1010 3180 1089 3246 πολλ

132 3291 335 3370 συνίσταται,
358 3287 482 3370 ταύτην
507 3282 544 3352 δὲ
568 3287 629 3371 ούχ
647 3279 721 3353 οἷόν
739 3310 775 3351 τε
793 3282 855 3365 ὀψὲ
876 3286 1046 3376 ἀρξαμένῳ
1064 3279 1089 3349 ολ

211 3518 227 3567 9
246 3491 322 3570 εύλό
334 3517 346 3588 11
361 3521 395 3572 20
416 3479 498 3590 ἕαίίλὶ
515 3520 551 3570 ‘29
566 3512 617 3585 δέ]
628 3513 710 3584 ηεὶἱι
721 3513 790 3568 zm
803 3500 1089 3583 δὴλούτελλιοαιοοί
