2400 3930
238 204 249 220 ,
355 157 629 216 PROTREPTICUS
647 161 682 228 (ο.
696 158 781 228 XXI).
1014 159 1078 226 109

48 323 123 407 τὴν
152 322 253 388 θείαν
279 322 478 406 θρησκείαν·
509 321 618 388 πάντα
647 322 711 408 γὰρ
739 321 897 407 ἀλλότριύ
923 322 993 389 ίστι
1023 320 1079 389 καί

54 429 221 508 ἐναντίως
242 429 328 511 πρὸς
349 427 456 514 αύτήν
479 430 555 514 ἔχει.
598 429 637 494 τὸ
661 423 692 494 θ’
719 427 800 494 αύτὸ
827 427 884 494 καί
906 431 989 514 πρὸς
1011 428 1080 496 ἐπι-

13 556 34 596 ι.
55 537 191 620 στῆμην
213 535 339 620 μεγάλα
364 535 602 622 συμβάλλεται·
629 530 730 601 οὐθὲν
753 536 817 620 γὰρ
841 536 895 602 δεῖ
914 537 996 620 πρὸς
1018 538 1080 621 τήν

56 643 163 708 θείαν
185 640 369 727 ἐπιστήμην
390 640 596 727 προσφέρειν
617 649 790 724 τοιοῦτον,
813 632 886 708 οίόν
909 639 1000 707 ἐστιν
1023 641 1080 707 ἀν-

57 747 238 833 θρώπινον
270 748 437 833 διανόημα
463 746 484 832 ἢ
512 750 668 832 βιωτικῆς
697 748 880 832 φροντίδος
911 746 1108 832 ἐχόμενονσ

60 852 166 921 οὐδὲν
185 849 248 920 οὖν
261 854 343 921 ίίλλο
356 854 613 940 παρακελεύεται
631 853 670 920 έν
686 854 818 931 τούτοις
833 853 854 939 ή
868 856 947 932 τοὺς
960 856 1082 938 λόγους

60 964 143 1038 τοὺς
170 961 280 1046 ἱερούς
310 958 367 1026 καὶ
396 964 455 1040 τὰς
486 963 583 1039 θείας
613 959 747 1046 πράξεις
778 960 823 1045 μή
855 962 1082 1046 συμμιγνύναι

60 1077 135 1144 τοῖς
157 1066 385 1152 ἀνθρωπίνοις
408 1066 562 1147 ύστοίτοις
583 1069 692 1152 ήθεσι.

11 1179 39 1256 β’
157 1174 272 1262 Ταύτφ
306 1169 344 1241 δέ
375 1175 532 1262 συνφύόν
563 1172 634 1240 ἐστι
663 1171 720 1241 καὶ
751 1174 789 1238 τὸ
817 1170 891 1258 ἑξῆς
917 1174 955 1239 τὸ
985 1171 1082 1240 ὁδοῦ

61 1281 263 1366 πάρεργον
295 1279 367 1347 οὐκ
397 1279 572 1347 είσιτέον
603 1282 660 1359 είς
692 1280 802 1366 ἱερὸν
834 1277 928 1346 οὐδὲ
962 1296 1083 1366 προσ-
1098 1300 1123 1341 10

62 1385 260 1472 κυνητέον
282 1386 531 1473 τοπαράπαν,
554 1384 638 1454 οὐθ’
664 1389 701 1453 εί
720 1388 818 1473 πρὸς
835 1397 921 1466 ταῖς
938 1388 1084 1473 θύραις

64 1493 204 1571 αύταίς
230 1494 383 1580 παριὼν
410 1491 555 1577 γένοιο.
600 1495 633 1561 εί
661 1495 725 1579 γὰρ
758 1493 863 1581 ὁμοίφ
895 1495 933 1559 τὸ
965 1495 1084 1578 ὅμοιον

65 1603 167 1686 φίλον
189 1598 227 1666 τί
247 1598 395 1667 ἐστικαὶ
417 1603 645 1686 προσήγορον,
670 1601 774 1685 δῆλον
798 1599 849 1665 ὅτι
871 1597 927 1665 καὶ
950 1597 1084 1685 ἀρχηγι-

64 1708 218 1792 κωτοίτην
251 1706 370 1774 ούσίαν
401 1705 547 1793 ἐχόντων
577 1717 646 1773 τῶν
681 1714 775 1774 θεῶν
811 1706 849 1774 έν
881 1717 951 1784 τοῖς
983 1707 1084 1790 ὅλοις,

10 1831 52 1872 *K
66 1810 326 1899 προηγουμένην
348 1813 459 1880 αὐτῶν
483 1815 537 1880 δεῖ
555 1820 728 1880 ποιεῖσθαι
749 1813 811 1899 τήν
832 1813 1031 1898 θεραπείαν·
1056 1815 1087 1879 εί
1100 1831 1125 1871 15

67 1918 99 1987 θ’
121 1921 228 1986 ίίλλου
249 1942 299 1998 τις
320 1918 418 1987 ἕνεκα
440 1920 546 2004 αὐτὴν
568 1931 709 2005 ποιοῖτο,
734 1920 892 2006 δεύτερον
912 1919 998 1985 οὕτω
1022 1923 1084 2002 θή-

66 2045 159 2095 σεται
190 2028 229 2093 τὸ
258 2027 393 2093 πάντων
424 2027 680 2113 προηγούμενον
706 2023 762 2092 καὶ
792 2023 991 2111 ἀναστρέφει
1022 2025 1085 2109 τήν

67 2134 151 2220 ὅλην
178 2133 272 2215 τιίξιν
298 2143 357 2218 τῆς
379 2134 458 2218 ὅλης
480 2135 661 2219 θεραπείας
688 2155 724 2198 τε
750 2130 806 2199 καί
828 2133 992 2215 γνώσεως.
1038 2134 1086 2196 ἔτι

67 2241 132 2325 γὰρ
160 2241 202 2305 τὰ
227 2241 319 2325 τίμια
345 2239 459 2324 ἀγαθὰ
487 2240 528 2307 ού
551 2241 605 2307 δεῖ
624 2250 692 2306 τῶν
720 2239 948 2326 ἀνθρωπίνων
972 2241 1086 2325 χρησί

68 2370 142 2432 μων
170 2343 208 2411 ἐν
234 2343 357 2433 ὑστέρᾳ
384 2347 485 2434 μοίρηι
511 2348 684 2431 τίθεσθαι,
713 2344 793 2412 οὐδὲ
820 2345 857 2413 έν
885 2345 1001 2424 τέλους
1026 2342 1087 2431 μὲν
1101 2362 1127 2403 ²⁰

69 2452 158 2533 τιίξει
185 2453 226 2518 τὰ
251 2450 407 2539 ἡμέτερα,
440 2451 479 2519 έν
505 2456 701 2539 προσθήκης
729 2450 766 2520 δὲ
794 2452 886 2540 μέρει
916 2455 957 2519 τὰ
983 2456 1088 2541 κρείτ·

69 2582 153 2626 τονα
176 2557 253 2625 οὔτε
276 2560 356 2646 ἔργα
379 2559 457 2626 οὔτε
480 2560 694 2645 διανοήματα

8 2679 59 2722 λλ
154 2661 202 2730 Ἦ
229 2660 261 2731 θ’
290 2665 345 2733 έπὶ
372 2668 410 2732 τὸ
438 2666 520 2734 αὐτὸ
546 2667 718 2753 προτροπή
745 2665 801 2732 καί
827 2666 891 2731 ἀπὸ
923 2674 984 2731 τοῦ
1015 2664 1088 2750 ἑξῆς

33 2770 204 2857 ι’γένοιτο
236 2773 293 2838 ἄν·
324 2775 362 2840 τὸ
393 2774 458 2858 γὰρ
489 2772 738 2857 ἀνυπόδητος
769 2777 842 2837 θῦε
873 2769 938 2837 καί
969 2788 1088 2857 προσ-

72 2880 185 2945 κύνει
211 2878 250 2945 ἓν
277 2875 339 2963 μέν
366 2880 528 2963 σημαίνει
543 2881 581 2946 τὸ
605 2881 678 2946 δεῖν
700 2880 845 2963 κοσμίως
870 2875 927 2944 καὶ
950 2881 1089 2963 μετρίως
1103 2894 1128 2935 2⁵

72 2984 128 3050 καὶ
150 2986 195 3071 μή
219 2982 441 3070 ὑπερέχοντας
463 2993 521 3069 τῆς
543 2983 581 3051 έν
603 2993 643 3071 τῆ
668 2992 711 3071 γῆ
733 2984 855 3064 τάξεως
879 2986 959 3061 τοὺς
986 2987 1090 3063 θεοὺς

73 3091 276 3173 θεραπεύειν
307 3089 363 3156 καὶ
394 3091 456 3175 τήν
487 3086 571 3176 ὑπὲρ
603 3090 714 3158 αὐτῶν
750 3101 877 3175 γνῶσιν
908 3096 1089 3173 ποιεῖσθαι,

74 3196 189 3283 ἕτερον
217 3194 255 3263 δὲ
281 3199 319 3263 τὸ
347 3198 420 3263 θείν
453 3198 585 3282 θεσμῶν
617 3197 717 3284 χωρίς
748 3196 804 3263 καί
836 3198 977 3264 εὔλυτον
1009 3200 1090 3264 ὄντα

10 3308 63 3357 3λί
75 3304 134 3386 τῆν
151 3305 339 3388 θεραπείαν
356 3300 411 3368 καὶ
428 3313 557 3387 γνῶσιν
574 3313 642 3369 τῶν
659 3309 752 3368 θεῶν
770 3311 950 3371 ποιεῖσθαι.
987 3314 1090 3372 ταῦτα

78 3405 113 3474 δὲ
142 3408 204 3476 ούκ
231 3407 285 3475 ἐπὶ
311 3418 372 3475 τοῦ
399 3410 549 3495 σώματος
576 3413 682 3495 μόνον
705 3411 924 3496 παραγγέλλει
947 3414 984 3478 τὸ
1009 3414 1091 3497 σύμ·
1105 3429 1131 3468 30

160 3553 197 3600 17
211 3543 369 3618 ιίνατρέηνει
387 3550 447 3606 ΑΚ.
