2400 3930
122 142 163 207 88
528 139 719 196 IAMBLICHI

121 300 322 386 τεταγμένον
353 300 486 386 προέχει
512 309 574 366 τοῦ
606 300 795 385 ἀκοσμήτου
828 323 863 367 τε
896 300 952 367 καὶ
983 301 1112 381 ἀτάκτου,

123 405 199 474 ὥστ’
226 407 260 486 ἐξ
282 409 428 486 ἅπαντος
449 411 575 495 τρόπου
598 408 660 492 τὴν
684 407 905 491 δικαιοσύνην
926 406 983 473 καὶ
1006 424 1113 492 σωφρο-

123 515 231 598 σύνην
255 512 415 598 ἀσκητέον
438 515 503 601 πρὸ
526 525 594 579 τῶν
616 513 778 579 ἐναντίων
801 511 912 591 ἕξεων.
957 511 1012 578 καὶ
1037 521 1114 578 τοῦτο

123 619 185 708 μὲν
207 621 287 706 ἡμῖν
311 621 416 698 οὕτως
438 620 547 705 ἐχέτω.

98 749 110 787 5
214 727 301 791 XIX.
326 728 476 792 Δύναιτο
493 721 524 792 δ’
542 728 584 791 ἄν
602 750 652 803 τις
669 724 724 791 καὶ
740 723 811 791 κατ’
831 727 922 791 ίδίαν
941 726 1005 792 ἀπὸ
1019 723 1118 792 τῶνίυ

124 840 163 917 τῇ
186 840 275 916 ψυχῇ
297 831 438 914 ἀγαθῶν
461 831 650 913 ἐπεξελθεῖν
668 840 713 919 τῷ
732 831 950 922 προκειμένῳ,
976 833 1125 898 δεικνύων

125 938 236 1004 αὐτῶν
263 939 300 1002 τὸ
328 935 441 1003 τέλεον
468 936 524 1003 καὶ
555 939 674 1024 κύριον
706 938 929 1022 εὐδαιμονίας.
982 939 1046 1026 ὅσῳ
1070 939 1132 1021 γὰρ

125 1044 145 1128 ἡ
174 1045 263 1130 ψυχὴ
295 1053 357 1110 τοῦ
389 1045 540 1128 σώματος
568 1043 715 1130 προέχει,
747 1044 896 1131 τοσούτῳ
929 1049 1054 1128 μᾶλλον
1077 1033 1140 1107 καὶ

126 1151 258 1234 τάγαθὰ
276 1151 379 1234 αὐτῆς
395 1149 561 1236 ὑπερέχει·
583 1148 639 1215 καὶ
659 1152 700 1216 τὰ
718 1147 779 1234 μὲν
797 1159 858 1215 τοῦ
876 1151 1028 1235 σώματος
1049 1153 1147 1215 ἔσταιΙ

87 1275 112 1314 ιο
127 1256 413 1339 εὐκαταφρόνητα,
450 1258 491 1320 τὰ
524 1252 560 1319 δὲ
592 1263 649 1338 τῆς
680 1264 788 1340 ψυχῆς
818 1258 910 1340 τίμια
941 1255 998 1322 καὶ
1029 1242 1147 1341 σεμνοὶ

125 1359 180 1424 καί
207 1362 245 1424 τὸ
274 1359 406 1442 ἀγαθὸν
433 1355 497 1425 οὖν
525 1360 567 1424 οὐ
593 1361 631 1424 τὸ
660 1360 743 1426 αὐτό
774 1360 865 1427 έστιν
891 1361 974 1448 ὅπερ
1002 1363 1037 1428 τὸ
1064 1349 1147 1445 ἡδύ

126 1464 181 1532 καὶ
204 1474 264 1532 τοῦ
287 1464 421 1548 ἀγαθοῦ
439 1465 536 1531 ἕνεκα
554 1465 718 1552 πρακτέον
736 1469 774 1533 τὸ
794 1467 869 1551 ἡδύ,
894 1468 936 1533 οὐ
954 1469 993 1533 τὸ
1012 1467 1147 1552 ιἰγαθδᾱ

128 1573 299 1639 ἕνεκα-τοῦ
313 1569 420 1655 ἡδέος.
447 1572 513 1656 ἡδὺ
533 1570 573 1638 δέ
589 1570 658 1636 ἐστι
675 1581 786 1655 τοῦτο,
809 1569 850 1638 οὗ
868 1573 1147 1661 παραγενομένο’1

127 1680 290 1764 ἡδόμεθα,
310 1678 442 1762 ἀγαθὸν
461 1677 509 1762 δέ,
530 1673 571 1743 οὗ
585 1681 751 1764 παρόντος
770 1679 897 1763 ιἰγαθοί
914 1679 1023 1764 ἐσμεν.
1061 1680 1147 1746 &us

89 1804 114 1843 15
129 1788 195 1870 μὴν
220 1786 349 1869 ἀγαθοί
373 1784 413 1868 γε’
434 1784 533 1869 ἐσμεν
559 1782 616 1849 καὶ
645 1783 738 1868 ἡμεῖς
764 1782 820 1850 καὶ
846 1786 887 1850 τὰ
914 1787 999 1851 ἄλλα
1025 1788 1147 1852 πάντα

129 1893 191 1957 ὅσα
215 1890 326 1973 ἀγαθοί
350 1889 454 1974 ἐστιν,
485 1890 603 1976 ἀρετῆς
631 1912 722 1966 τινος
744 1889 1024 1976 παραγενομένης.
1063 1893 1147 1958 ἄλλα

129 1994 190 2082 μὲν
210 1998 251 2080 δη
275 1997 296 2079 ἥ
319 2019 356 2080 γε
380 1997 478 2082 ἀρετὴ
500 1995 650 2079 ἕκαστον,
674 1993 730 2060 καὶ
752 1997 894 2072 σκεύους
915 1994 972 2061 καὶ
995 1998 1146 2084 σώματιν

129 2101 184 2169 καὶΙ
207 2111 315 2188 ψυχῆς
338 2098 381 2167 αὖ
403 2101 459 2168 καὶ
484 2101 570 2191 ζῴου
592 2104 731 2184 παντός,
761 2101 801 2167 οὐ
828 2110 873 2189 τῷ
898 2103 969 2188 εἰκῇ
992 2103 1049 2169 καὶ
1071 2104 1147 2170 κάλ

130 2214 225 2274 λιστα
239 2211 487 2292 παραγίγνεται,
508 2209 591 2274 ἀλλὰ
608 2207 698 2287 τάξει
712 2205 767 2273 καὶ
785 2207 945 2293 ὀρθότητι
963 2207 1020 2274 καὶ
1038 2210 1147 2296 τέχνῃ

92 2332 118 2372 ιο
131 2315 202 2397 ἥτις
226 2311 350 2398 ἑκάστῳ
374 2311 575 2378 ἀποδέδοται
598 2315 718 2380 αὐτῶν.
755 2312 843 2391 τάξει
862 2316 926 2400 ἄρα
945 2315 1147 2402 τεταγμέναΙ

130 2440 162 2482 τι
184 2413 239 2480 καί
262 2414 510 2501 κεκοσμημένον
534 2417 625 2483 ἐστὶν
648 2419 668 2504 ἡ
693 2420 791 2503 ἀρετὴ
815 2418 970 2504 ἑκάστου,
996 2423 1041 2499 ὡς
1065 2419 1147 2508 (γαῖ’,

131 2525 244 2600 ἄντες
268 2524 452 2607 σωφρόνως
479 2527 773 2610 λογιζόμενοςεκε
796 2526 833 2592 ἐν
856 2525 981 2613 ἑκάστῳ
1012 2530 1104 2615 [γὰρ]
1136 2551 1147 2581 ⁴

132 2629 271 2697 ἑκάστου
300 2630 421 2706 οίκείος
448 2629 581 2713 ἀγαθὸν
609 2630 744 2717 παρέχει
771 2631 910 2698 ἕκαστον
938 2643 1007 2698 τῶν
1030 2636 1147 2701 ὄντων

132 2739 215 2803 ὅθεν
239 2739 279 2821 δὴ
303 2735 470 2821 καὶψυχὴ
494 2739 620 2823 κόσμον
644 2741 766 2823 ἔχουσα
794 2740 854 2804 τὸν
878 2738 979 2822 αὑτῆς
1002 2740 1147 2824 ἀμείνων

92 2862 117 2903 ει
131 2853 189 2926 τῆς
212 2844 409 2927 ἀκοσμητου.
447 2843 530 2909 ἀλλὰ
548 2846 615 2928 μὴν
633 2845 655 2927 ἢ
672 2867 711 2927 γε
729 2847 856 2929 κόσμον
874 2846 998 2928 ἔχουσα
1016 2851 1147 2932 κοσμίου

223 3132 264 3182 11.
282 3144 310 3195 p.
326 3130 369 3193 90,
387 3130 419 3179 14
437 3122 511 3179 Plat.
530 3124 614 3195 Gorg.
633 3143 660 3194 p.
676 3130 728 3180 506
739 3125 848 3180 0-508
857 3127 889 3178 A.

224 3290 256 3337 15
275 3285 307 3352 γε’
326 3284 387 3338 PK:
406 3302 435 3337 τε
450 3283 506 3352 {121
526 3285 556 3338 τί
571 3285 579 3354 ΙΙ
598 3289 631 3337 22
651 3283 781 3337 lacunam
799 3286 865 3354 posi
882 3281 1062 3354 λογιζόμενος
1080 3287 1145 3342 indi

134 3353 197 3406 cavi
216 3356 245 3407 et
262 3371 327 3408 mox
345 3350 399 3423 γὰρ
419 3353 525 3408 delevi:
550 3355 712 3408 exciderunt
729 3355 856 3410 Platonis
880 3357 966 3410 verba
984 3352 1093 3427 κόσμος
1110 3378 1147 3417 τις

134 3419 190 3488 ἄρα
214 3421 411 3493 ἐγγενόμενος,
439 3424 512 3479 unde
536 3421 639 3494 κόσμος
666 3425 786 3495 arripuit
809 3428 838 3481 et
862 3428 926 3496 post
948 3426 1056 3490 οἰκεῖος
1079 3430 1147 3484 ἰιιεε4

120 3493 186 3548 mit
199 3492 232 3546 K
237 3493 255 3562 ll
265 3499 300 3548 24
320 3489 418 3567 αὐτῆς.
