2400 3930
319 123 594 181 PROTREPTICUS
613 127 647 195 (ο.
662 125 735 180 VIII.
750 125 808 196 IX).
1028 126 1071 191 49

154 288 203 354 IX.
240 286 396 353 ’Ἇνωδεν
424 284 461 352 δὲ
489 286 667 373 ἀρχόμενοι
691 286 754 352 άτὸ
777 297 838 353 τοῦ
859 297 917 370 τῆς
940 288 1072 371 φύσεως

37 474 43 489 ⁴
91 393 269 477 βουλήματος
301 390 354 458 έτὶ
385 394 448 476 την
480 391 585 477 αύιην
612 394 805 479 προτροπὴν
832 403 1072 480 τροχωροῦμεν

37 510 59 607 η’
91 497 191 565 οὑτοσί.
227 510 295 564 τῶν
312 496 500 583 γινομένων
517 499 558 563 τδι
576 494 638 584 μὲν
656 499 720 564 άιιό
738 522 830 576 τινος
848 500 999 578 διανοίας
1016 499 1072 566 καὶ

36 614 46 687 2³
91 600 178 689 τέχνης
197 608 335 690 γίνεται,
360 597 433 671 οἷον
452 606 540 670 οίκία
558 601 614 670 καὶ
632 609 751 670 πλοίου
775 604 988 692 (ἀμφοτέρων
1006 609 1070 691 γὰρ

36 751 39 796 t
90 710 188 777 τούτοιν
210 713 300 778 αίτία
327 709 424 797 τέχνη
449 714 499 788 τίς
522 710 591 776 έστι
613 708 668 776 καὶ
692 711 856 798 διάνοια),
883 713 923 777 τά
951 709 988 778 δὲ
1016 715 1098 778 διολ5

36 868 39 873 ,
89 812 176 902 τέχνης
196 815 259 902 μὲν
282 818 453 902 οὐδεμιᾶς,
477 816 559 882 ἀλλὰ
583 818 638 882 διδ
662 817 779 902 φύσιν·
811 815 903 905 βρύων
929 821 993 904 γάρ
1016 818 1071 884 καὶ
1172 858 1175 865 ·

36 957 38 991 ;
89 933 178 999 νοτίου
199 926 289 990 αίτία
313 925 424 1009 φύσις,
447 921 606 989 καὶκατὰ
630 924 735 1008 φύσιν
752 926 881 1007 γίνεται·
901 925 1008 1009 τάντα
1031 928 1071 990 τὰ

36 1076 37 1082 1
88 1038 204 1095 τοιαῦτα.
251 1030 335 1096 άλλδι
361 1031 428 1115 μην
456 1029 512 1095 καὶ
540 1031 595 1095 διὰ
622 1030 726 1115 τύχην
754 1032 827 1095 ένια
853 1032 981 1113 γίνεται
1004 1041 1071 1096 τῶν

63 1137 275 1220 Κυραγμάτων·
299 1137 361 1201 ὅσα
381 1138 544 1222 γὰρμήτε
568 1137 624 1201 διὰ
646 1135 765 1220 τέχνην
784 1138 864 1220 μήτε
888 1136 943 1200 διὰ
966 1136 1071 1220 φύσιν

36 1230 38 1284 s
87 1237 139 1321 οβ’
159 1242 189 1321 έξ
213 1242 358 1327 ἀνάγκης
379 1245 539 1326 γίγνεται,
561 1244 602 1307 τὰ
624 1243 730 1307 πολλὰ
751 1242 880 1308 τούτων
899 1243 955 1308 διὰ
967 1243 1072 1328 τύχην
1085 1261 1112 1302 10

86 1345 219 1421 γίνεσθαί
239 1373 358 1434 φαμεν.
399 1359 467 1412 τῶν
485 1346 547 1433 μὲν
566 1343 628 1414 ούν
652 1348 715 1413 ἀπὸ
738 1349 840 1433 τύχης
861 1347 1071 1434 γιγνομένων

60 1448 163 1519 λοβδλν
184 1455 282 1520 ἕνεκά
303 1476 364 1520 του
387 1456 552 1537 γίγνεται,
581 1448 655 1519 οὐδ’
681 1456 750 1519 ἔστι
772 1476 805 1518 τι
827 1453 921 1532 τέλος
944 1456 1070 1533 αὐτοῖς·

85 1568 134 1636 τοῖς
158 1561 193 1627 δέ
221 1561 285 1626 άτὸ
313 1560 428 1646 τέχνης
454 1560 665 1646 γιγνομένοις
693 1563 801 1626 ἔνεστι
830 1560 885 1626 καὶ
912 1563 950 1626 τὸ
977 1560 1071 1638 τέλος

85 1661 123 1727 καί
148 1670 182 1733 τὸ
216 1661 258 1732 οὗ
289 1665 386 1732 ἕνεκα
414 1662 479 1753 (ἀεὶ
506 1667 570 1752 γάρ
599 1664 617 1731 δ
643 1667 706 1750 τὴν
732 1664 852 1751 τέχνην
880 1669 965 1753 έχων
990 1667 1070 1733 άτο-

86 1765 162 1838 δύσει
188 1790 243 1839 σοι
275 1773 376 1855 λόγου
408 1765 453 1837 δι’
486 1770 527 1836 δν
554 1772 677 1857 ἔγραψε
704 1768 759 1836 καὶ
786 1767 827 1837 οὗ
855 1771 981 1860 ἕνεκα),
1014 1772 1069 1838 καλ
1085 1789 1110 1831 1⁵

85 1883 159 1943 τοῦτο
181 1880 260 1962 [ὅτι]
284 1876 415 1961 βέλτιόν
437 1875 528 1941 ἐστιν
556 1875 577 1960 ἢ
599 1878 637 1941 τὸ
661 1878 717 1942 διδι
738 1886 837 1942 τοῦτο
860 1882 1069 1965 γιγνόμενον.

85 1976 148 2062 λέγω
168 1981 198 2050 δ’
226 1985 315 2049 ὅσων
337 1980 416 2049 καθ’
443 1983 548 2068 αὑτὴν
570 1982 591 2066 ἡ
614 1981 710 2068 τέχνη
733 1982 882 2068 τέφυκεν
905 1986 992 2050 αίτία
1015 1980 1070 2050 καὶ

86 2085 208 2167 μὴκατὰ
232 2091 451 2174 συμβεβηκός·
474 2088 589 2173 ὑγείας
611 2085 671 2173 μὲν
689 2088 754 2174 γάρ
774 2089 924 2173 ἰατρικὴν
942 2093 1070 2172 μᾶλλον
1162 2176 1172 2186 t

43 2204 49 2216 ⁶
85 2184 211 2269 βούσου
241 2199 363 2282 κυρίως
390 2194 433 2261 δν
459 2197 614 2280 θείημεν,
645 2195 861 2279 οἰκοδομικὴν
888 2191 925 2260 δὲ
953 2194 1068 2277 οἰκίας,

36 2352 39 2369 ,
86 2290 138 2363 ἀλλ’
157 2303 195 2368 οὐ
214 2311 276 2368 τοῦ
293 2302 520 2384 καταβάλλειν.
560 2309 628 2367 πᾶν
646 2303 711 2386 άρα
730 2299 826 2366 ἕνεκά
843 2322 904 2366 του
921 2301 1070 2384 γίγνεται
1083 2319 1110 2360 το

36 2450 38 2475 ;
85 2399 111 2464 τὸ
128 2412 201 2474 κατὰ
223 2408 358 2494 τέχνην,
386 2405 562 2473 καὶτοῦτο
585 2406 678 2485 τέλος
701 2406 803 2492 αὐτῆς
825 2409 862 2472 τὸ
886 2406 1068 2491 βέλτιστον,

36 2562 38 2587 ;
85 2504 111 2568 τὸ
128 2513 232 2594 μέντοι
256 2516 312 2580 διὰ
338 2515 443 2598 τύχην
471 2513 512 2579 ού
538 2515 665 2596 γίνεται
695 2512 790 2579 ἕνεκά
816 2534 891 2579 του·
924 2517 1069 2598 συμβαίη

36 2648 38 2705 3
86 2606 130 2686 λλυ
146 2623 206 2708 γὰρ
229 2619 271 2686 άυ
298 2618 354 2686 καὶ
380 2619 444 2685 άτὸ
472 2620 572 2705 τύχης
599 2642 630 2684 τι
658 2619 803 2703 ἀγαθάν,
833 2620 874 2684 ού
897 2621 963 2702 μὴν
986 2619 1070 2684 ιἰλλολ

85 2724 145 2786 κατά
163 2751 201 2810 γε
223 2729 285 2809 τὴν
307 2727 412 2811 τύχην
438 2723 494 2791 καὶ
516 2728 668 2791 καθόσον
691 2725 754 2791 ἀπὸ
784 2726 884 2809 τύχης
907 2723 969 2788 οὐκ
991 2722 1070 2807 ἄγα-

85 2821 146 2911 θόν,
167 2833 324 2920 ἀόριστον
347 2829 380 2897 δ’
408 2828 459 2921 ἀεὶ
482 2832 519 2896 τὸ
542 2833 742 2915 γιγνόμενόν
764 2829 833 2895 ἐστι
858 2822 929 2893 κατ’
956 2828 1069 2913 αύτήν.
1084 2847 1111 2890 υο

84 2919 147 2997 ἀλλὰ
173 2941 299 3022 μὴυτό
322 2938 464 3020 γεκατὰ
487 2937 591 3022 φύσιν
615 2935 711 3001 ἕνεκά
738 2958 798 3000 του
825 2938 988 3020 γίγνεται,
1015 2935 1071 3003 καὶ

36 3022 74 3074 ³²¹³
83 3027 230 3122 βελτίονος
261 3043 374 3109 ἕνεκεν
406 3041 457 3108 ἀεὶ
489 3045 683 3109 συνίσταται
713 3041 734 3126 ἣ
762 3042 912 3127 καθάπερ
944 3044 981 3106 τὸ
1015 3043 1071 3106 διὰ

82 3133 187 3232 τδίκης·
219 3160 363 3235 μιμεῖται
394 3151 458 3235 γὰρ
491 3150 532 3215 ού
564 3151 625 3233 την
657 3147 777 3234 τέχνην
805 3147 825 3231 ἡ
853 3146 955 3230 φύσις
987 3147 1070 3212 ἀλλὰ

82 3286 273 3318 x„—

99 3457 108 3482 ,
153 3415 183 3466 16
202 3408 245 3467 ὅτι
263 3411 356 3468 delevi
369 3413 378 3481 11
392 3409 424 3467 τὸ
443 3407 521 3484 <ού>
534 3408 583 3466 διὰ
597 3411 709 3482 scripsit
722 3409 755 3476 K,
775 3409 823 3478 qui
841 3410 870 3462 ελ
888 3410 960 3465 coni.
976 3407 1007 3464 τὸ
1028 3405 1068 3464 δι’

82 3477 118 3535 θυι
133 3483 160 3539 ολ
175 3483 207 3538 τί.
227 3501 261 3539 ex
279 3500 320 3552 gr.
337 3501 365 3552 p.
381 3488 423 3554 43,
440 3487 472 3538 15
484 3500 524 3551 sq.
544 3487 589 3557 51,
604 3486 708 3552 1sssqq.

114 3569 239 3621 Ῑωτιοιττ
248 3581 385 3623 Ρκουκαευ.
917 3573 938 3618 δ,
