2430 3930
353 133 624 204 Ρειονειεενῐοοε
643 147 853 218 (mm).
1068 150 1111 214 83

95 312 253 377 νεύουσιν
286 310 385 394 ἐγγύς
415 333 447 375 τι
476 305 562 376 εἶναι
589 321 656 375 τῶν
683 318 744 375 τοῦ
772 310 922 394 σώματος
950 308 1010 398 (τῷ
1039 312 1111 377 όντι

48 435 83 475 41.
95 418 155 503 γὰρ
180 417 243 482 οὐκ
266 416 404 482 ἐνοῦσαι
426 419 591 503 πρότερον
616 415 760 502 ὕστερον
783 415 994 501 ἐμποιεῖσθαι
1017 420 1112 483 ἐθεσι

93 521 145 589 καὶ
159 521 367 608 όσκήσεσιν),
388 522 408 606 η
424 518 460 586 δὲ
475 531 536 586 τοῦ
555 530 723 607 φρονῆσαι
742 522 865 600 παντὸς
879 528 1006 608 μᾶλλον
1019 530 1111 590 θειο-

93 628 190 714 τέρου
223 630 315 705 τινὸς
343 628 514 713 τυγχάνει,
548 627 592 704 ὡς
622 629 745 710 ἔοικεν,
776 623 876 711 οὖσα,
909 628 927 693 ὃ
957 630 1018 712 τὴν
1049 628 1110 715 μὲν

94 736 239 819 δύναμιν
263 733 423 800 οὐδέποτε
447 733 646 814 ἀπόλλυσιν,
673 733 739 798 ὑπὸ
763 731 801 798 δὲ
823 743 880 817 τῆς
903 744 1137 820 περιαγωγῆςε

93 843 256 927 χρήσιμόν
284 838 397 906 τεκαὶ
421 838 592 924 ὠφέλιμον
614 836 669 903 καὶ
693 841 859 924 ἄχρηστον
888 834 930 905 αὖ
953 839 1009 905 καὶ
1032 845 1111 925 βλα-

48 964 81 1005 ολ
93 949 193 1033 βερὸν
222 948 378 1030 γίγνεται.
425 944 446 1029 ἢ
479 945 571 1010 ούπω
600 944 799 1028 ἐννενόηκας
826 956 894 1010 τῶν
922 946 1110 1030 λεγομένων

93 1050 152 1138 μὲν
174 1063 345 1138 πονηρῶν,
370 1060 487 1135 σοφῶν
512 1048 559 1133 δέ,
584 1050 628 1126 ὡς
647 1052 747 1135 δριμὺ
771 1048 832 1135 μὲν
851 1049 964 1134 βλέπει
986 1053 1023 1116 τὸ
1047 1063 1110 1131 ψυ-

92 1160 210 1244 χόριον
232 1156 287 1223 καὶ
311 1157 411 1237 ὀξέως
429 1159 526 1244 διορᾷ
549 1166 653 1221 ταῦτα
676 1154 729 1240 ἐφ’
752 1155 773 1220 ἃ
794 1156 980 1243 τέτραπται,
1004 1159 1049 1235 ὡς
1067 1160 1109 1225 οὐ

93 1267 227 1348 φαύλην
251 1267 328 1349 ἔχον
345 1265 408 1346 τὴν
428 1266 518 1346 όφιν,
542 1265 640 1349 κακία
660 1259 697 1328 δέ
715 1262 968 1349 ἠναγκασμένον
986 1265 1108 1350 ὑπηρε-
1123 1283 1149 1323 1⁰

92 1383 177 1453 τεῖν,
211 1372 391 1456 ὥστεόσφ
420 1368 462 1433 όν
490 1367 647 1454 ὀξύτερον
678 1368 797 1456 βλέπη,
829 1371 979 1459 τοσούτφ
1006 1366 1113 1438 πλείον’

92 1479 173 1542 κακὰ
198 1477 433 1561 ἐργαζόμενονς
463 1484 561 1541 τοῦτο
589 1474 702 1558 μέντοι
728 1478 765 1541 τὸ
787 1486 846 1560 τῆς
867 1479 1022 1560 τοιαύτης
1046 1481 1108 1561 φύ-

92 1599 174 1659 σεως
202 1584 234 1647 εἰ
260 1581 296 1647 ἐκ
322 1583 442 1658 παιδὸς
473 1581 578 1658 εὐθὺς
604 1585 811 1666 κοπτόμενον
842 1586 1018 1668 περιεκόπη
1052 1586 1109 1661 τὰς

91 1697 146 1772 τῆς
183 1686 345 1771 γενέσεως
382 1687 550 1772 ξυγγενεῖς
587 1689 696 1770 ὥσπερ
733 1689 952 1772 μολυβδίδας,
994 1692 1032 1754 αἳ
1066 1691 1107 1774 δὴ

91 1796 232 1871 ἐδωδαῖς
268 1817 303 1860 τε
339 1792 394 1859 καὶ
428 1794 590 1859 τοιούτων
626 1793 765 1877 ἡδοναῖς
795 1817 831 1859 τε
862 1793 917 1860 καὶ
949 1797 1108 1878 λιχνείαις
1122 1812 1148 1852 1⁵

90 1912 277 1986 προσφυεῖς
294 1903 489 1985 γιγνόμεναι
508 1898 583 1985 περὶ
602 1902 642 1965 τὰ
659 1900 747 1965 κότω
766 1900 949 1986 στρέφουσι
969 1903 1032 1984 τὴν
1045 1911 1108 1986 τῆς

90 2016 198 2092 ψυχῆς
226 2009 322 2089 όψιν,
356 2003 403 2072 ὧν
436 2009 467 2072 εἰ
494 2002 681 2089 ἀπαλλαγὲν
708 2005 962 2091 περιεστρέφετο
994 2010 1041 2084 εές
1067 2011 1108 2073 τοὶ

91 2114 213 2198 ἀληθῆ,
231 2111 287 2177 καὶ
307 2113 415 2178 ἐκεῖνα
430 2111 472 2176 όν
489 2114 527 2178 τὸ
546 2113 627 2177 αὐτὸ
640 2120 739 2177 τοῦτο
757 2123 824 2178 τῶν
843 2113 954 2178 αὐτῶν
974 2114 1107 2199 ἀνθρό-

90 2243 162 2286 πων
182 2219 345 2303 όξύτα<τα
370 2217 466 2304 έόρα,
490 2219 623 2302 όσ>περ
646 2216 700 2283 καὶ
720 2214 773 2303 ἐφ’
795 2218 816 2282 ἃ
836 2228 901 2284 νῦν
920 2217 1104 2306 τέτραπται.

179 2329 258 2390 Νῦν
282 2326 323 2409 δη
351 2320 428 2407 οὖν,
457 2323 555 2389 ὁπότε
583 2325 730 2389 ἐνταῦθα
758 2328 958 2410 γεγόναμεν,
985 2325 1042 2392 καὶ
1059 2329 1106 2392 τὸ
1121 2343 1147 2382 20

48 2446 81 2487 ⁶1<-
91 2441 147 2514 τῆς
175 2435 379 2516 φιλοσοφίας
406 2433 506 2515 ἔργον
536 2429 653 2494 ὁποῖόν
683 2429 752 2495 ἐστι
781 2435 950 2516 φαίνεται,
979 2432 1035 2498 καὶ
1063 2435 1108 2512 ὥς

92 2537 158 2602 ἐστι
186 2541 298 2622 τίμιον
327 2536 473 2601 αὐτόθεν
499 2532 568 2599 ἐστὶ
590 2536 788 2619 κατάδηλον.
833 2539 870 2603 τὸ
893 2541 957 2624 γὰρ
981 2562 1107 2624 περιαι-

94 2655 161 2728 ρεῖν
184 2645 246 2727 την
269 2642 403 2726 γένεσιν
431 2642 494 2707 ἀπὸ
521 2649 579 2724 τῆς
602 2651 709 2726 ψυχῆς
730 2640 787 2708 καὶ
809 2642 1021 2726 ἐκκαθαίρειν
1044 2648 1107 2729 τὴν

94 2752 281 2833 λογίζεσθαι
309 2747 502 2833 δυναμένην
531 2747 632 2831 αὐτῆς
660 2747 831 2832 ἐνέργειαν
853 2750 994 2832 μόλιστα
1022 2751 1105 2836 αὐτῇ

95 2857 258 2939 προσήκει.
309 2851 408 2931 οὗτος
435 2850 497 2920 οὖν
525 2855 659 2939 ἄριστος
686 2857 807 2937 τρόπος
835 2863 896 2918 τοῦ
923 2857 1015 2938 βίον,
1043 2858 1105 2941 την
1119 2873 1145 2914 νε

98 2960 309 3044 δικαιοσύνην
332 2959 387 3025 καλ
410 2961 471 3044 τὴν
494 2963 600 3043 ἄλλην
623 2959 744 3044 ἀρετὴν
763 2959 947 3037 ἀσκοῦντας
967 2960 1024 3026 καὶ
1047 2966 1105 3046 ζῆν

99 3066 144 3132 καλ
161 3068 332 3134 τεθνάναι.
369 3068 475 3154 τούτῳ
495 3061 558 3131 οὖν
579 3063 748 3150 ἑπόμεθα,
772 3068 803 3131 εἰ
819 3069 1026 3151 βουλοίμεθα
1050 3070 1105 3132 όν-

101 3193 154 3249 τως
177 3175 442 3258 εὐδαιμονήσειν.

103 3277 304 3290 ἱι----------

179 3318 221 3368 25.
237 3318 270 3366 27
291 3305 373 3375 οὗτος
384 3343 416 3352 -
428 3307 579 3383 ἑπόμεθα]
598 3313 671 3367 Plab.
687 3312 769 3378 Gorg.
784 3329 811 3380 p.
829 3316 879 3366 527
890 3313 921 3367 Ε.

180 3443 194 3491 7
214 3429 232 3506 ἦ
251 3437 260 3506 ΙΙ
280 3443 312 3491 19
331 3438 405 3491 inter
424 3432 511 3502 όξῦτα
531 3436 593 3505 (sic)
613 3438 642 3491 et
660 3455 712 3504 περ
736 3433 838 3488 lacuna
856 3433 914 3490 fere
933 3435 985 3490 XX
1002 3436 1103 3493 littera

106 3506 215 3574 explevit
232 3507 257 3560 A
276 3524 310 3562 ex
328 3507 372 3578 ΡΙλ
387 3514 420 3562 27
441 3505 580 3578 ἑπόμεθα
599 3525 633 3562 ex
651 3524 749 3578 apogr.
768 3504 822 3564 ciz.
842 3506 879 3560 K:
900 3502 1039 3578 ἑπόμεθα.

904 3597 943 3649 6*
