2400 3930
36 162 39 253 j
151 164 154 171 '
332 183 603 241 Ροονοεευιοοε
623 188 655 255 ρ.
671 185 717 239 x1.
732 186 801 256 xn)
1029 186 1072 251 59

84 346 140 429 ήδεῖ
116 370 167 430 εα,
129 345 287 425 ῖζκαὶ
270 350 327 430 ζῆν
349 345 455 429 ἡδέως
477 347 519 411 οὐ
542 347 666 424 πάντας
689 348 816 426 ὅσοιςζ
800 351 877 426 ζῶσι
897 350 1072 433 συμβαίνει

85 455 204 537 χαίρειν,
232 448 306 518 ἀλλ’
332 443 382 530 οἷς
409 453 490 517 αὐτὸ
518 454 600 532 τὸζ
584 457 642 537 ζῆν
668 454 734 536 ήδὺ
756 452 811 519 καὶ
834 454 1073 538 χαίρουσιν
1011 454 1073 537 τήν
1105 512 1113 535 s

36 557 168 639 aab(
153 563 233 644 ζωής
256 558 392 642 ἡδονήν.
430 559 555 625 οὐκοῦν
577 561 615 625 τὸ
640 563 697 644 ζήν
716 559 920 644 άποδίδομεν
942 567 987 647 τῷ
1011 556 1073 644 μὲν

36 636 258 752 ιδιίγρηγορίτι
285 670 412 750 μᾶλλον
439 664 460 749 ή
487 674 532 753 τῷ
559 668 777 749 καθεύδοντι,
810 674 855 754 τῷ
888 674 1074 752 φρονοῦντι

36 764 40 771 ”
86 765 146 855 δδή
166 780 211 861 τῷ
235 773 360 858 άφρονι
382 776 520 856 μᾶλλον,
543 773 605 855 τήν
629 770 658 837 δ’
682 772 745 837 άπὸ
766 776 848 855 ζωῆς
865 772 993 856 ἡδονήν
1011 773 1101 856 νήνι

85 872 132 941 άπὸ
150 887 205 962 τῆς
227 881 375 964 χρήσεως
396 875 600 962 γιγνομένην
627 874 738 963 φαμέν
761 873 847 943 εἷναι
870 886 928 962 τῆς
950 886 1070 962 ψυχῆς·

85 991 161 1050 τοῦτο
182 986 246 1071 γάρ
270 985 340 1051 έστι
362 987 400 1051 τὸ
425 988 482 1069 ζήν
505 984 648 1068 άληθῶς.
694 986 726 1049 εί
741 987 858 1050 τοίνυν
880 982 935 1049 καὶ
954 982 1073 1049 πολλαί

85 1097 169 1174 ψυχῆς
191 1093 256 1156 είσι
278 1093 425 1176 χρήσεις,
456 1090 539 1155 ἀλλά
562 1090 747 1176 κυριωτάτη
770 1114 808 1174 γε
831 1100 947 1155 πασῶν
970 1088 990 1172 ἡ
1012 1098 1074 1154 τοῦ

84 1209 202 1278 φρονεῖν
223 1197 287 1262 ὅτι
305 1197 454 1281 μάλιστα.
491 1198 596 1279 δῆλον
613 1200 731 1263 τοίνυν
749 1197 800 1262 ὅτι
814 1194 869 1262 καί
885 1196 948 1279 τήν
961 1218 1074 1279 γιγνο-

85 1299 166 1387 μένην
188 1303 252 1369 άπὸ
275 1312 336 1368 τοῦ
359 1312 499 1388 φρονεῖν
526 1299 582 1368 καί
603 1309 759 1474 θεωρεῖνῖ
769 1302 898 1387 ήδονήν
923 1301 943 1386 ή
967 1305 1074 1394 μόνην
1089 1321 1115 1360 1⁰

84 1403 286 1492 ήμάλιστα’
268 1419 451 1493 αναγκαῖον
475 1408 538 1473 ἀπὸ
561 1418 622 1473 τοῦ
647 1404 759 1492 ζήνί
727 1433 822 1475 εναι.
867 1410 904 1473 τὸ
929 1410 1031 1492 ζην”
1010 1433 1074 1494 αρα

36 1550 39 1577 ÷
84 1509 166 1640 ήδέος
183 1512 284 1581 καὶ
254 1538 291 1580 το
306 1514 470 1601 χαίρειν*
454 1539 497 1592 ῶς
516 1514 651 1592 άληθῶς
668 1517 743 1598 ήτοι
761 1517 876 1600 μόνοις
894 1514 914 1598 ή
934 1513 1075 1598 μάλιστα

36 1600 40 1681 δ
85 1615 200 1706 ὑπάρχει
230 1632 301 1698 τοῖς
332 1623 541 1705 φιλοσόφοις.
589 1620 610 1704 ή
643 1622 707 1707 γάρ
739 1632 807 1686 τῶν
838 1621 1073 1705 ἀληθεστάτων

36 1734 38 1769 ¹
85 1729 211 1809 νοήσειεν
230 1726 380 1813 ένέργεια
398 1725 453 1793 καὶ
473 1727 536 1793 άπὸ
556 1739 623 1793 τῶν
641 1729 783 1812 μάλιστα
802 1728 909 1792 ὐντῶν
928 1731 1074 1812 πληρου-

36 1774 76 1923 δί
86 1827 147 1918 μάνη
159 1832 213 1900 καί
228 1832 391 1917 στέγουσα
405 1832 455 1899 άεδ
474 1836 622 1918 μονίμους
635 1835 697 1917 τήν
715 1831 936 1917 ἐνδιδομένην
954 1834 1074 1898 τελειό-
1089 1848 1116 1889 1⁵

36 1930 38 1949 ²
85 1955 154 2022 ῖητα,
173 1941 257 2023 αὐτη
276 1951 391 2005 πασῶν
413 1939 482 2005 έστι
499 1937 555 2005 καί
573 1941 656 2024 πρὸς
675 1939 890 2024 εὐφροσύνην
909 1937 1075 2022 ἀνυσιμω-

86 2042 153 2128 τάτη.
197 2043 358 2111 ὥστεκαὶ
382 2042 427 2111 δι’
454 2046 535 2110 αὐτὸ
561 2047 599 2111 τὸ
623 2049 751 2129 χαίρειν
780 2046 837 2121 τάς
860 2045 998 2128 ἀληθεῖς
1020 2043 1074 2108 καί

88 2143 192 2230 ίγαθάς
213 2152 338 2235 ήδονδις
361 2149 608 2235 φιλοσοφητέον
636 2147 705 2214 ἐστὶ
732 2159 802 2225 τοῖς
824 2157 909 2214 νοῦν
932 2150 1075 2232 ἔχουσιν.

154 2256 223 2323 XII.
255 2259 301 2321 Εί
327 2253 364 2321 δέ
393 2258 447 2322 δεῖ
466 2258 510 2342 μή
534 2259 640 2342 μόνον
666 2255 730 2320 ἀπὸ
753 2266 820 2320 τῶν
843 2266 954 2341 μερῶν
977 2263 1074 2320 τοῦτο

88 2365 339 2447 συλλογίσασθαι,
354 2361 504 2427 ἀλλὰκαὶ
519 2361 582 2427 άπὸ
596 2370 654 2446 τῆς
668 2363 747 2445 ὅλης
762 2361 975 2446 εὐδαιμονίας
989 2362 1074 2426 ὐίνῶ-
1089 2377 1115 2418 2⁰

88 2464 135 2528 θεν
151 2472 185 2536 τὸ
204 2469 285 2535 αὐτὸ
304 2468 554 2551 κατασκευάσαι,
579 2464 726 2551 λέγωμεν
750 2469 936 2554 διαρρήδην
959 2468 1009 2532 ὅτι
1034 2468 1075 2550 δή

88 2564 120 2642 ὡς
134 2575 192 2659 ἔχει
211 2578 294 2663 πρὸς
308 2575 526 2659 εὐδαιμονίαν
539 2576 577 2639 τὸ
592 2579 803 2659 φιλοσοφεῖν,
824 2573 910 2637 οὐτοι
925 2570 979 2636 καί
994 2573 1077 2656 πρὸς

87 2671 114 2734 τὸ
136 2684 314 2748 σπουδαῖον
341 2680 422 2766 ἡμῖν
448 2679 469 2764 ή
498 2684 629 2765 φαῦλον
658 2675 744 2744 εἶναι
771 2679 852 2744 αὐτὸ
879 2679 1076 2743 διακεῖσθαι.

88 2779 173 2852 πάντα
196 2791 258 2875 γάρ
281 2789 321 2854 τά
343 2784 405 2872 μδν
427 2789 510 2873 πρὸς
532 2795 630 2852 τοῦτο
653 2787 694 2851 τά
718 2781 755 2849 δέ
776 2785 832 2848 διδι
854 2791 952 2848 τοῦτο
975 2792 1077 2849 πᾶσιν

36 2883 211 2969 Μὰίρετέον
235 2888 336 2975 εἶναι,
362 2889 417 2957 καί
439 2893 480 2957 τά
502 2889 563 2976 μὲν
586 2891 631 2968 ὡς
654 2889 816 2973 ἀναγκαῖα
839 2900 906 2954 τῶν
929 2889 1076 2974 πραγμά-
1091 2905 1117 2946 25

87 3007 139 3056 λων
162 3003 199 3066 τδι
227 2998 264 3067 δὲ
290 2998 372 3083 ήδέα
399 2993 443 3063 δι’
470 2993 518 3063 ὧν
546 2997 819 3082 εὐδαιμονοῦμεν.
866 2995 991 3061 οὐκοῦν
1014 2997 1076 3078 τήν

88 3091 283 3190 θῦδαιμονίαν
309 3103 472 3188 τιθέμεθα
499 3106 574 3187 ήτοι
606 3106 773 3189 φρόνησιν
804 3097 889 3166 εἶναι
920 3103 979 3165 καί
1002 3122 1077 3165 τινα

88 3211 156 3286 σθφί
143 3203 191 3278 ίαν
213 3211 234 3296 ή
257 3214 319 3294 τήν
343 3210 463 3297 ἀρετήν
485 3209 506 3294 ή
527 3212 564 3275 τὸ
583 3211 723 3294 μάλιστα
741 3212 869 3294 χαίρειν
888 3205 951 3290 <ή>
969 3206 1076 3271 πάντα

87 3318 278 3348 χ..-

145 3400 205 3456 23
192 3413 257 3474 ημιν
271 3404 395 3496 <μᾶλλον
398 3395 448 3485 >ή
465 3403 536 3458 coni
551 3402 589 3455 K:
608 3400 826 3456 verisimiliusv
842 3405 875 3453 22
891 3394 1059 3468 εὐδαιμονία
1042 3419 1078 3453 αν

89 3449 118 3526 (λ
134 3478 265 3558 κμκοδαιμ
267 3495 330 3530 ονια
301 3474 369 3555 ίαν)
387 3473 516 3562 conicias,
536 3472 586 3528 sed
603 3476 734 3529 neutrum
746 3471 936 3526 necessatium
945 3469 1089 3537 videmtkk

101 3531 165 3591 ⁵⁸27
163 3496 365 3600 αιίυάακετίιη
378 3548 391 3614 ΙΙ
406 3539 478 3601 28
460 3538 478 3616 ή
499 3547 662 3603 extremum
680 3543 799 3601 αδδιδῶ
809 3539 986 3599 Ἶολοουὶοε
