2400 3930
358 169 787 242 PROTREPT1cns(0.xx1).
1017 172 1080 236 123

57 341 187 424 σοφίας
210 333 415 421 ἡμεροειδές,
439 333 522 399 ἀλλά
544 334 652 399 πάντα
673 335 714 398 τά
736 343 797 400 τοῦ
819 335 928 400 ὕπνου
952 335 1081 400 έκείυου

38 451 141 547 ,ῖχνιχ
165 450 224 526 τῆς
242 443 372 527 μνήμης
390 448 447 524 τῆς
465 449 609 506 σεαυτοῦ
627 439 806 525 έκκάθαιρε
826 439 881 506 καὶ
900 439 1081 526 έξαφάυιζ.

22 533 38 584 λ

10 599 48 647 *K
158 550 204 614 Τδ
227 544 265 613 δὲ
287 548 457 632 καρδίαν
486 547 534 630 μὴ
557 557 680 630 τρῶγε
704 549 858 630 σημαίνει
879 548 917 612 τὸ
941 548 985 630 μὴ
1009 548 1082 612 δεῖν

59 658 124 741 τὴν
151 655 274 721 ἕνωσιν
300 663 369 738 τοῦ,
389 653 512 729 παντὸς
539 650 593 717 καὶ
623 653 685 735 τὴν
709 654 897 737 σύμπνοιαν
926 654 1081 735 διασπᾶν,

10 774 49 824 ἰὰ
61 761 118 828 καὶ
132 765 181 827 ἔτι
195 766 322 846 μᾶλλον
337 761 374 825 τὸ
390 760 434 844 μὴ
449 764 523 823 ίσθι
542 759 717 841 βάσκανος,
738 757 822 824 ἀλλά
840 759 1082 844 φιλάνθρωπος
1096 778 1108 818 ε

61 867 118 934 καί
144 869 349 944 κοινωνικός.
396 865 432 931 ἐκ
464 861 501 930 δὲ
529 865 652 929 τούτου
684 870 886 950 φιλοσοφεῖν
913 875 1081 950 παραινεῖ·

62 978 150 1060 μόνη
169 975 232 1060 γάρ
252 973 334 1056 αῦτη
354 971 543 1055 ἐπιστημῶν
561 969 616 1036 καὶ
634 982 760 1056 τεχνῶν
783 973 858 1038 ούτε
877 972 1083 1038 έπιλυπεῖται

61 1080 207 1164 ἀγαθοῖς
232 1078 420 1163 ἀλλοτρίοις
449 1077 525 1142 ούτε
553 1076 714 1162 έπιχαίρει
741 1087 854 1154 κακοῖς
879 1089 948 1156 τοῖς
970 1077 1082 1160 πέλας,

62 1187 119 1251 άτε
149 1186 249 1270 φύσει
277 1193 450 1269 συγγενεῖς
475 1180 532 1248 καί
556 1184 699 1261 οἰκείους
726 1183 945 1270 ὁμοιοπαθεῖς
969 1183 1081 1249 τεκαὶ

60 1297 160 1376 κοινῇ
191 1289 431 1374 ὑποκειμένους
467 1290 548 1376 τύχῃ
582 1288 792 1374 ἀπροόρατόν
825 1314 860 1356 τε
891 1293 929 1356 τὸ
962 1290 1083 1376 μέλλον
1099 1309 1123 1349 10

60 1400 200 1482 ἔχοντας
216 1401 296 1475 τοὺς
314 1396 518 1481 ἀνθρώπους
535 1396 661 1473 πάντας
682 1396 814 1479 ὁμαλοῦς
831 1397 1081 1483 ἀποφαίνουσα·

61 1504 181 1589 διόπερ
204 1510 393 1588 συμπαθεῖς
414 1526 449 1567 τε
472 1500 527 1567 καί
550 1506 776 1588 φιλαλλήλους
794 1503 1015 1589 παραγγέλλει
1038 1498 1083 1568 εί-

58 1634 131 1693 ναι,
154 1612 355 1675 κοινωνικόν
378 1632 413 1674 τε
437 1609 482 1684 ὡς
505 1607 641 1691 ἀληθῶς
663 1607 719 1674 καὶ
742 1610 878 1692 λογικὸν
903 1613 996 1695 ζῷον.

10 1723 47 1781 λα’
156 1716 271 1804 Τούτῳ
300 1712 337 1781 δὲ
366 1718 452 1781 ἔοικε
479 1712 535 1779 καί
562 1716 599 1780 τὸ
632 1714 852 1799 ἐγκέφαλον
880 1715 929 1798 μὴ
959 1717 1082 1778 ἔσθιε·

58 1819 119 1887 καὶ
151 1823 215 1908 γάρ
248 1807 347 1898 αύτὸς
384 1815 483 1898 οὗτος
513 1821 713 1905 ἡγεμονικόν
745 1820 815 1886 ἐστι
848 1830 910 1886 τοῦ
943 1831 1084 1905 φρονεῖν
1099 1840 1123 1880 ιε

61 1929 221 2012 ὄργανον.
268 1929 446 1994 αἰνίττεται
475 1922 537 1992 ούν
561 1927 606 2003 ὡς
635 1928 676 1991 ού
699 1929 753 1991 δεῖ
774 1931 881 2003 καλῶς
906 1930 1084 2010 βεβουλευ-

60 2032 149 2118 μένα
177 2035 351 2118 πράγματα
379 2031 434 2099 καὶ
463 2034 612 2117 δόγματα
640 2034 881 2098 διασιλλαίνειν
905 2029 989 2116 μηδὲ
1013 2034 1081 2096 δια-

10 2141 22 2148 ”
62 2140 213 2223 δάκνειν,
236 2145 344 2217 καλῶς
362 2137 395 2204 δ’
419 2138 461 2204 ἀν
481 2145 531 2223 είχ
551 2138 797 2223 βεβουλευμένα
815 2140 855 2202 τά
875 2140 931 2203 διά
949 2149 1084 2223 φρενῖιν

14 2269 46 2308 τε
60 2245 120 2312 καὶ
143 2255 205 2311 τοῦ
226 2242 298 2310 κατ’
325 2245 407 2310 αὐτὸ
429 2246 467 2310 τὸ
490 2255 584 2310 νοεῖν
605 2243 806 2328 ἡγεμονικοῦ
825 2243 1084 2329 ουνεσκεμμένα,

63 2359 141 2418 ίσον
170 2359 215 2440 τχῦ
244 2350 490 2436 έπιστημονικά.
538 2351 579 2435 ού
606 2352 671 2436 γὰρ
699 2352 755 2416 διά
782 2362 850 2417 τῶν
873 2359 934 2416 τοῦ
959 2351 1083 2435 ἀλόγου
1098 2371 1125 2410 ιο

62 2469 123 2544 τῆς
145 2467 254 2542 ψυχῆς
276 2459 388 2534 είδους
412 2441 577 2540 όργάνοιν,
603 2459 742 2542 καρδίας
764 2456 820 2522 καὶ
843 2458 978 2542 ἥπατος,
1003 2458 1085 2523 ἀλλά

63 2567 123 2631 διά
134 2573 196 2630 τοῦ
214 2571 370 2649 καθαροῦ
389 2573 449 2629 τοῦ
468 2568 660 2647 λογιστικοῦ
678 2565 718 2629 τά
736 2574 873 2630 τοιαῦτα
893 2565 1084 2649 έθειορήθη’

16 2692 49 2734 A.
65 2675 184 2756 διόπερ
211 2671 353 2754 ἀβουλία
381 2671 418 2735 τὸ
446 2668 655 2746 ἀντικόπτειν
688 2671 809 2746 αὐτοῖς.
859 2668 1019 2752 σέβεσθαι
1049 2666 1086 2733 δὲ

63 2783 195 2865 μᾶλλον
221 2778 349 2843 κελεύει
374 2778 413 2842 τὸ
441 2776 613 2861 σύμβολον
639 2777 700 2858 τὴν
726 2786 794 2840 τῶν
817 2784 952 2859 φρενῶν
975 2776 1086 2858 πηγὴν

62 2883 122 2952 καί
144 2887 182 2950 τὸ
205 2893 251 2973 τῷ
275 2895 368 2950 νοεῖν
391 2881 655 2967 προσεχέστατον
678 2884 840 2967 όργαυον,
866 2875 910 2946 δι’
937 2875 978 2946 οὗ
1001 2886 1086 2946 θεω-
1101 2899 1126 2940 νε

64 2996 145 3078 ρίαν
173 3015 209 3057 τε
237 2989 292 3056 καί
320 2990 502 3074 ἐπιστήμην
529 2988 584 3055 καί
611 2991 649 3053 τὸ
680 2988 826 3053 σύνολον
853 2989 978 3071 σοφίαν
1005 2988 1087 3052 κτώ-

64 3106 156 3185 μεθα
184 3094 239 3164 καὶ
267 3097 313 3174 ὡς
339 3096 475 3180 ἀληθῶς
498 3100 767 3180 φιλοσοφοῦμεν,
796 3092 850 3158 καὶ
878 3093 922 3178 μὴ
951 3103 1087 3176 συγχεῖν

62 3201 153 3292 μηδὲ
175 3203 352 3289 ἀφανίζειν
374 3204 415 3267 τά
439 3200 482 3267 δι’
511 3201 615 3267 αὐτοῦ
639 3207 723 3286 ίχυχ.

62 3319 282 3332 ,an——

158 3366 175 3415 8
194 3360 264 3431 τοῖς]
283 3360 339 3414 τῶν
358 3359 429 3414 coni.
450 3357 588 3428 Gyraldus
607 3357 690 3429 (Opp.
709 3356 736 3410 ΙΙ
752 3359 816 3426 481)
835 3360 865 3411 εδ
883 3354 1088 3412 Βίῖῖυτελιοείοε

62 3487 93 3539 p.
105 3473 141 3523 62
152 3465 232 3520 Κοιῖ.
242 3468 305 3535 (227
314 3465 442 3536 Kiessl.):
457 3466 577 3522 fortasse
586 3470 645 3529 τοῖς
654 3465 709 3519 τῶν
724 3466 785 3535 ῖῖῖ
796 3432 938 3530 ἐθεορηθ’
952 3467 1012 3531 μ’(
1028 3481 1092 3529 τος-

56 3546 126 3607 ptr
147 3536 309 3591 Vulcanius.-
329 3534 470 3610 συνέχειν.
