2400 3930
133 117 195 180 106
544 114 736 171 IAMBLICHI

130 279 398 363 μαθητεύσαντες
417 286 461 366 τῷ
483 280 672 365 Πυθαγόρᾳ
691 278 733 345 ού
751 287 791 362 τῇ
809 275 980 363 κοινῇκαὶ
1000 279 1182 363 δημώδε

129 382 272 461 καὶτοῖς
295 386 408 463 άλλοις
431 385 556 451 άπασιν
578 386 720 471 εἰωθυίηι
743 382 828 464 λε’ξει
850 408 886 450 τε
908 383 965 449 καὶ
989 382 1182 470 ε’ρμηνει’Δι

130 490 305 558 ἐποιοῦντο
335 493 456 557 συνετά
478 488 535 556 καὶ
561 491 702 576 εύνόητα
729 501 799 568 τοῖς
822 489 933 568 ἁπλῶς
962 490 1182 585 ἀκούουσιή

131 597 163 676 ἐξ
175 599 355 684 ἐπιδρομῆς
363 621 398 664 τε
408 596 681 682 ἐντυγχάνουσιν,
692 596 1015 682 εὐπαρακολούθητα
1028 600 1170 683 πειρόν

103 718 227 789 ῦμενοι
249 709 408 769 τίθεσθαι
435 706 476 769 τά
499 707 691 789 φραζόμενα
713 698 770 769 ὑπ’
796 704 924 787 αὐτῶν,
953 703 1039 770 άλλά
1065 723 1182 770 κατι

130 814 192 895 τήν
206 808 520 895 νενομοθετημένην
530 811 644 889 αὐτοῖς
657 811 722 876 ὑπὸ
737 812 948 896 Πυθαγόρου
963 809 1182 896 ἐχεμυθίαα

130 921 322 1004 μυστηρίων
345 915 506 1002 καὶπρὸς
528 920 608 995 τούς
631 914 866 1003 άτελεστέρους
885 919 1021 1003 τρόπων
1046 918 1182 1001 άπορι-

130 1028 241 1108 ρήτων
264 1027 408 1109 ήπτοντο
432 1022 487 1090 καὶ
511 1025 567 1090 διδι
590 1027 768 1109 συμβόλων
788 1021 970 1088 ἐπέσκεπον
987 1025 1048 1102 τάς
1066 1026 1171 1105 πρὸς

130 1130 295 1214 ἀλλήλους
318 1130 478 1210 διαλέξεις
499 1130 520 1215 ἢ
545 1130 750 1214 συγγραφάς.
790 1127 846 1195 καὶ
869 1131 901 1195 εό
922 1132 968 1214 μή
990 1153 1041 1207 τις
1065 1129 1155 1196 αὐτά

90 1250 115 1289 10
129 1237 169 1298 τά
198 1237 349 1319 σύμβολα
381 1233 513 1314 ἐκλέξας
545 1236 731 1314 διαπτύξειε
758 1234 814 1301 καὶ
844 1235 965 1323 άμώκω
995 1235 1147 1320 ἐξηγήσει

128 1341 312 1424 περιλάβοι,
335 1345 450 1424 γελοῖα
474 1340 516 1407 άν
534 1339 590 1406 καὶ
613 1343 749 1426 γραώδη
770 1341 876 1421 δόξειε
898 1352 970 1419 τοῖς
989 1342 1140 1429 ἐντυγχά-

128 1465 227 1513 νουσι
249 1449 290 1513 τά
313 1450 474 1531 λεγόμενα
498 1449 603 1533 λήρου
631 1449 733 1531 μεστά
763 1446 819 1514 καὶ
847 1448 1055 1535 ἀδολεσχίας.
1097 1445 1136 1514 ἵν’

130 1549 192 1620 οὖν
216 1555 298 1640 <τά>
323 1549 440 1641 βήματ’
467 1552 593 1640 ἐκφανῆ
612 1551 668 1619 καὶ
686 1555 723 1618 τὸ
748 1557 795 1631 εἰς
817 1556 1015 1641 προτροπὴν
1036 1556 1140 1621 αὐτῶν

131 1663 253 1745 ὄφελος
275 1663 464 1745 κατάδηλον
482 1660 628 1745 γένηται,
651 1662 790 1726 κατὰτὸ
810 1660 1007 1747 ἐξωτερικόν
1025 1685 1063 1727 τε
1082 1663 1141 1747 άμα

90 1781 115 1822 15
129 1767 184 1834 καὶ
202 1771 284 1835 κατά
302 1770 339 1835 τὸ
359 1768 557 1854 άκροατικὸν
576 1767 795 1851 ἀποδώσομεν
814 1765 954 1833 ἑκάστου
973 1772 1143 1853 συμβόλου

129 1877 186 1952 τὰς
218 1875 399 1959 ἐπιλύσεις,
436 1872 520 1960 μηδὲ
551 1876 592 1940 τά
623 1869 701 1958 παρ’
738 1873 851 1951 αὐτοῖς
887 1874 1062 1961 άπόρρητα
1094 1875 1144 1941 καὶ

129 1981 380 2066 ἐχεμυθούμενα
416 1983 499 2067 πρὸς
535 1984 615 2059 τοὺς
651 1979 866 2057 άνεισάκτους
902 1985 1148 2066 παραλιπόντες

129 2086 333 2168 ἀνεξέταστα.
371 2091 454 2154 ἐστω
475 2085 512 2153 δέ
525 2090 566 2153 τά
579 2089 843 2173 φρασθησόμενα
863 2087 1016 2171 σύμβολα
1029 2098 1149 2155 ταῦτα·

152 2193 190 2257 α’.
219 2197 280 2270 Εές
304 2195 395 2277 ἱερὸν
415 2194 523 2258 άπιδον
541 2191 776 2277 προσκυνῆσαι
794 2189 899 2277 μηδὲν
921 2195 1005 2259 άλλο
1024 2195 1142 2278 μεταξ“

88 2315 115 2352 20
218 2301 374 2379 βιωτικὸν
398 2301 477 2381 μήτε
501 2295 576 2379 λε’γε
599 2302 679 2383 μήτε
702 2299 830 2383 πράττε.

150 2402 189 2485 β’.
214 2399 313 2466 Ὁδοῦ
350 2404 519 2488 πάρεργον
557 2404 634 2468 ούτε
671 2403 813 2471 εἰσιτέον
850 2407 897 2482 εἰς
937 2405 1030 2490 ἱερὸν
1071 2409 1150 2474 ούτε
1164 2428 1182 2467 3]

185 2533 186 2536 ¹
216 2507 466 2595 προσκννητέον
480 2511 687 2595 τοπαράπαν,
703 2508 777 2576 οὐδ’
795 2513 827 2577 εἰ
839 2514 920 2595 πρὸς
934 2521 1008 2589 ταῖς
1021 2514 1151 2600 θύραις
1166 2535 1182 2574 ιι

217 2617 332 2694 αὐταῖς
355 2617 486 2702 παριὼν
509 2616 630 2698 γε’νοιο.

151 2723 190 2808 γ’.
216 2722 440 2809 Ἀνυπόδητος
463 2731 529 2790 θῦε
552 2722 607 2789 καὶ
629 2725 819 2809 προσκύνει.

201 2905 233 2954 19
244 2917 303 2969 sqq.
314 2919 339 2956 v.
351 2899 504 2970 Goettling,
515 2899 675 2954 Gesammte
685 2898 825 2954 Abhandl.
836 2899 909 2955 12⁷8
917 2916 976 2968 sqq.
988 2899 1015 2954 11
1023 2905 1078 2956 280
1087 2920 1148 2972 sqq.

127 2972 260 3040 Mullach,
274 2971 379 3026 Philon.
394 2989 433 3041 gr.
449 2972 560 3041 Fragm.
575 2972 725 3039 1504sqq.

200 3137 215 3185 7
235 3134 325 3186 θείων
344 3132 502 3202 μυστηρίων
516 3132 545 3186 ελ
559 3126 723 3192 ἀτελέστους
736 3129 794 3184 vit.
808 3129 891 3198 Pyth.
905 3130 915 3198 ΙΙ
929 3135 945 3184 9
964 3126 1105 3200 ἀλλήλους
1119 3137 1149 3189 ελ

129 3207 160 3255 11
182 3199 273 3268 δόξειε
293 3202 349 3257 vit.
368 3202 465 3272 Pyth.=
485 3197 585 3264 ἄλλους
604 3204 633 3256 et
652 3200 768 3267 δόξειαν
785 3201 795 3269 ΙΙ
815 3206 848 3255 10
866 3195 901 3255 τά
920 3197 1048 3274 σύμβολα
1069 3203 1150 3260 delet

128 3270 227 3325 Nauck
249 3274 259 3342 ss
284 3279 316 3327 13
335 3271 447 3343 βήματα
467 3273 605 3342 Scaliger,
629 3268 664 3325 τά
684 3271 795 3326 addidit
812 3271 850 3326 K:
873 3267 1005 3341 χρήματί
1027 3271 1147 3346 χρήσιμ’

128 3343 332 3397 Rittershusius
357 3345 393 3397 ad
416 3343 696 3428 Ροερδ.1111.Ργ11,
720 3362 747 3412 p.
768 3349 800 3398 61
819 3343 899 3397 Kust.
920 3344 985 3413 (224
1003 3343 1147 3417 ΚίθεεΙ.)ή

126 3416 161 3465 15
178 3411 267 3466 immo
289 3409 501 3484 άκροαματικον
524 3416 533 3484 ΙΙ
556 3421 590 3469 21
610 3411 728 3469 είσιτέον
752 3433 779 3483 p.
800 3420 859 3480 109,
880 3418 913 3468 10
933 3415 962 3468 et
980 3413 1040 3471 vit.
1058 3415 1147 3486 Pyth.

105 3501 138 3551 p.
159 3489 198 3552 77,
215 3483 335 3541 15N1m
353 3484 514 3557 εἰσιτητέον
528 3489 539 3558 ss
552 3493 590 3542 24
607 3484 666 3542 θύε
686 3486 858 3540 οοοελατιιετ.
