2400 3930
129 167 173 232 30
534 165 727 222 IAMBLIOHI

128 330 248 408 κάλλος
270 331 290 415 ή
314 332 463 414 χρήματα
487 329 649 414 (τῶνγὰρ
667 332 829 413 χειρόνων
849 331 938 396 οὕτω
960 332 1023 414 τήν
1041 333 1160 414 κρείων

129 460 210 502 τονα
241 438 357 522 ’ψυχήν
394 434 652 526 καταδεεστέραν
685 435 891 523 ἀποφαίνει).
938 440 998 521 μία
1030 440 1136 502 τοίνυν

129 545 220 608 ἐσται
238 546 314 629 τιμή
333 553 391 627 τής
408 552 516 627 ψυχῆς
534 542 554 625 ἡ
573 543 655 607 κατὰ
674 542 733 606 τὸν
752 541 860 625 ὀρθὸν
879 546 985 626 λόγον
1005 545 1069 626 ζωή
1088 540 1159 609 καλλι

128 651 210 716 κατὰ
228 660 311 715 νοῦν
329 652 493 733 τελειότης
511 659 569 732 της
586 657 695 732 ψυχῆς
712 645 768 712 καὶ
786 650 825 714 τὸ
847 648 1055 733 ὁμοιοῦσθαι
1074 659 1132 726 τοῖς

101 752 226 822 τοῦσιν
259 757 407 841 ἀρίστοις
438 757 682 841 παραδείγμασι
714 752 769 820 καί
801 756 840 820 τὸ
871 758 943 832 τοῖς
972 755 1130 845 ἀμείνοσιν

72 908 77 927 .
129 861 268 928 ἕπεσθαι
285 865 325 928 τὰ
343 866 490 949 χείρονα,
510 862 572 927 ὅσα
590 861 751 944 γενέσθαι
774 864 894 944 βελτίω
913 863 1065 945 δύναται,
1085 857 1127 927 καί

127 970 165 1035 τὸ
193 970 332 1054 φεύγειν
359 967 421 1054 μὲν
448 972 485 1035 τὸ
513 971 631 1051 κακόν,
666 969 814 1052 ἰχνεῦσαι
843 965 881 1033 δὲ
909 967 965 1034 καλ
993 968 1124 1035 ἑλείνιδ
1167 1000 1170 1007 ·

128 1077 261 1142 πάντων
289 1079 443 1162 ἀριστον,
471 1074 527 1141 καὶ
551 1074 668 1140 ἑλόντα
697 1069 741 1138 αὖ
767 1082 863 1158 κοινή
892 1074 1057 1154 ξυνοικεῖν
1080 1074 1123 1138 τόν

130 1183 301 1255 ἐπίλοιπον
320 1186 407 1265 βίον.
443 1179 599 1248 τοῦτοδὲ
623 1178 725 1245 οὐδὲν
746 1182 827 1246 ἀλλο
851 1178 943 1246 ἐστίν
962 1180 983 1266 ή
1003 1183 1121 1254 δεόντως

90 1308 115 1347 10
130 1292 345 1371 φιλοσοφεῖν,
379 1282 457 1352 ὥστ’
493 1286 525 1365 ἐξ
559 1288 704 1363 ἅπαντος
736 1289 862 1370 τρόπον
895 1283 1120 1373 φιλοσοφητέον

128 1404 198 1470 τοῖς
220 1393 438 1477 βουλομένοις
461 1393 682 1476 εὐδαιμονεῖν.
1083 1447 1086 1452 ,

221 1498 347 1576 Τελέας
365 1497 394 1563 δ’
414 1498 456 1563 ἀν
474 1497 529 1563 καὶ
548 1499 653 1574 οὕτως
672 1497 780 1564 ἐπὶ-τὸ
800 1499 880 1565 αὐτὸ
899 1499 934 1565 ἐκ
954 1494 1119 1587 διαιρέσιος

129 1605 336 1691 ἐπέλθοιμεν.
372 1608 447 1691 τρία
461 1613 555 1690 τριχῇ
569 1613 676 1689 ψυχῆς
696 1604 732 1669 ἐν
751 1605 831 1690 ἡμῖν
850 1607 922 1689 είδη
937 1600 1117 1693 κάτῴκισιαι,
1175 1654 1177 1661 ,

127 1712 164 1776 τὸ
184 1710 245 1795 μὲν
264 1704 290 1799 ᾧ
310 1714 519 1795 λογιζόμεθα,
540 1713 578 1777 τὸ
598 1701 676 1799 δέᾦ
695 1713 910 1795 θυμούμεθα,
928 1716 1041 1797 τρίτον
1058 1692 1116 1794 δέή

89 1840 113 1879 15
129 1818 367 1903 ἐπιθυμοῦμεν.
399 1819 555 1901 τυγχάνει
571 1814 601 1882 δ’
620 1817 759 1883 ἕκαστον
774 1819 884 1884 αὐτῶν
898 1822 1044 1903 κινήσεις
1056 1820 1116 1903 ἐχον·
1173 1839 1177 1874 ·÷

108 1928 164 2011 sb
193 1922 253 2011 μὲν
282 1919 344 1991 οὖν
372 1925 482 1991 αὐτῶν
511 1925 548 1991 ἐν
576 1924 675 2011 ἀργία
704 1924 823 2007 διάγον
849 1922 904 1990 καί
932 1936 1001 1991 τῶν
1025 1922 1118 1991 ἕαυινῧ

128 2036 292 2117 κινήσεων
306 2033 447 2118 ἡσυχίαν
461 2034 545 2116 ἀγον
560 2028 806 2096 ἀσθενέστατον
817 2030 944 2114 ἀνάγκη
955 2036 1117 2116 γίγνεσθαι,
1176 2078 1177 2085 .

127 2143 170 2205 τό
189 2137 225 2205 δέ
249 2140 286 2205 ἐν
309 2143 506 2224 γυμνασίοις
529 2137 841 2222 ἐρρωμενέστατον·’
861 2140 914 2203 διὸ
943 2133 1117 2223 φυλακτέα,

129 2247 217 2320 ὅπως
240 2245 281 2309 ἀν
306 2247 404 2328 ἔχωσι
422 2245 480 2320 τὰς
498 2245 645 2326 κινήσεις
664 2245 747 2328 πρὸς
765 2243 908 2327 ἀλλήλας
927 2243 1118 2329 συμμέτρους·
1144 2228 1150 2235 ¹

89 2371 115 2409 ιο
130 2350 357 2433 διαφερόντως
388 2344 424 2412 δέ
453 2348 494 2431 δή
522 2349 559 2412 τὸ
588 2350 794 2432 κυριώτατον
821 2359 879 2434 της
906 2360 1016 2436 ψυχῆς
1041 2345 1117 2420 amoc,
1145 2354 1177 2418 ’,

129 2455 209 2539 ὅπερ
234 2455 376 2538 δαίμονα
396 2452 413 2518 δ
432 2454 513 2529 θεὸς
536 2452 662 2540 έκάστφ
682 2454 806 2520 δέδωκε
824 2452 879 2520 καλ
898 2455 980 2541 ὅπερ
1000 2457 1059 2523 ἀπὸ
1075 2448 1143 2537 χλόα

108 2561 212 2646 ’ἡμᾶς
235 2566 320 2646 αίρει
347 2561 430 2645 πρὸς
452 2560 514 2643 τήν
538 2559 573 2625 ἐν
597 2560 730 2648 οὐρανῷ
755 2560 948 2645 ξυγγένειαν
973 2565 1017 2640 ὡς
1042 2565 1119 2629 όνιίί

129 2671 236 2753 φυτὸν
260 2668 322 2734 οὐκ
345 2670 486 2750 ἔγγειον,
510 2664 582 2732 ἀλλ’
609 2667 781 2754 οὐράνιον,
809 2677 908 2734 τοῦτο
934 2670 976 2752 δή
1000 2671 1120 2756 μάλιστα

129 2775 296 2861 ἀσκητέον.
342 2782 388 2863 τῷ
420 2769 481 2858 μὲν
513 2775 577 2858 γάρ
610 2772 685 2860 περὶ
718 2776 775 2851 τάς
806 2775 988 2859 ἐπιθυμίας
1018 2776 1038 2860 ή
1063 2758 1121 2851 τινί

88 2899 113 2940 νε
128 2884 333 2965 φιλονεικίας
347 2880 566 2946 ἐσπουδακότι
580 2879 635 2946 καὶ
652 2890 756 2946 ταῦτα
770 2883 903 2967 σφόδρα
923 2883 1122 2948 διαπονοῦνθ

127 2989 234 3055 πάντα
266 2988 306 3052 τὰ
339 2988 486 3071 δόγματα
519 2987 644 3072 ἀνάγκη
677 2990 787 3072 θνητὰ
819 2988 1047 3072 ἐγγεγονέναι,
1079 2969 1123 3050 καὶ

127 3096 315 3162 παντάπασι
329 3095 481 3158 καθόσον
499 3093 639 3177 μάλιστα
654 3095 800 3159 δυνατὸν
814 3097 995 3178 γίγνεσθαι
1013 3087 1122 3176 θνητήν
1172 3176 1177 3193 1

127 3204 247 3267 τούτου
267 3197 351 3286 μηδὲ
370 3200 511 3284 σμικρὸν
530 3198 702 3283 ἐλλείπειν,
726 3201 782 3265 ἀτε
805 3202 842 3265 τὸ
866 3210 1024 3268 τοιοῦτον
1040 3195 1125 3285 ηὖξεν
1175 3206 1177 3211 ’

218 3364 259 3411 13.
278 3376 305 3427 p.
321 3362 364 3427 31,
381 3362 412 3411 19
431 3354 504 3411 plat.
525 3355 631 3411 Timae.
650 3375 697 3426 pp.
713 3356 852 3412 89E-90
863 3358 895 3414 D.

140 3562 142 3567 s
205 3541 223 3588 4
243 3525 343 3590 ιειιισ
355 3535 368 3605 γ
383 3540 415 3590 13
436 3534 467 3589 et
485 3538 521 3591 νο
540 3497 610 3606 ww
626 3532 659 3588 ιο
680 3529 785 3602 ειτηια
799 3535 834 3588 ν.
