2400 3930
311 111 585 170 PROTREPTICUS
605 116 640 184 (ε.
656 113 715 169 ΧΧ.
730 113 813 184 xxl).
1005 114 1069 180 105

50 290 137 352 σεως
158 270 215 340 καὶ
237 273 428 362 ἀπόρρητον
449 276 533 359 πρὸς
559 276 618 354 τὰς
645 276 746 351 ἀλλας
774 275 920 360 ἀγωγάς,
947 278 1007 343 τὸν
1032 275 1068 343 δὲ

47 379 193 466 δημώδη
225 378 281 446 καὶ
316 383 432 448 κοινὸν
468 382 552 466 πρὸς
587 379 732 465 ἐκείνας,
768 385 883 468 τρίτον
919 378 957 449 δὲ
988 377 1066 468 παρ’

46 486 225 574 ἀμφότερα
248 485 351 572 μέσον
374 486 502 572 ἀμφοῖν
521 487 598 553 οὔτε
620 489 810 554 παντάπασι
834 489 972 573 δημώδη
992 490 1069 555 οὔτε

46 596 119 679 μήν
142 595 300 680 ἀντικρυς
323 596 580 680 Πυθαγορικόν,
608 588 681 660 ἀλλ’
707 591 787 661 οὐδὲ
812 593 1069 680 ἀπηλλαγμένον

48 702 240 787 ὁλοσχερῶς
265 697 430 784 ἑκατέρου.
476 709 544 765 τῶν
570 700 634 785 γάρ
657 699 850 786 λεγομένων
874 706 1095 787 Πυθαγορι-ε

47 817 122 874 κῶν
146 809 325 892 συμβόλων
348 806 411 873 ὅσα
434 805 476 872 ἀν
497 805 784 892 ἀξιομνημόνευτα
807 808 888 893 ήμίν
910 812 1070 894 φαίνηται

49 912 107 980 καὶ
126 914 165 979 τὸ
183 914 423 999 προτρεπτικόν
442 907 531 990 είδος
550 914 778 999 παραδεικνύῃ
799 912 984 999 ἐκθέμενοι,
1004 916 1069 980 διε-

51 1021 230 1105 γνώκαμεν
252 1018 408 1104 ἐξήγησιν
431 1021 639 1103 ποιήσασθαι
661 1020 723 1104 τήν
740 1018 935 1104 πρέπουσαν
956 1020 1070 1087 αὐτῶν

53 1129 101 1204 είς
118 1125 339 1212 παράκλησιν,
363 1124 399 1192 ἐκ
421 1135 483 1193 τοῦ
500 1127 657 1193 τοιούτου
676 1128 866 1211 νομίζοντες
887 1129 995 1212 πλήρη
1014 1125 1070 1193 καί

54 1229 288 1318 ἐντελεστέραν
310 1234 504 1319 προτροπὴν
531 1233 579 1311 είς
606 1236 813 1318 φιλοσοφίαν
842 1233 973 1318 ἐνήσειν
1000 1245 1070 1312 τοῖς
1084 1255 1110 1294 ιο

10 1351 43 1398 λλ
55 1337 303 1424 ἐντευξομένοις
321 1343 448 1424 μᾶλλον
466 1338 487 1423 ή
506 1341 538 1405 εί
559 1340 615 1405 διά
637 1342 804 1407 πλειόνων
823 1344 946 1426 στίχων
963 1345 1070 1407 ποιοί-

10 1461 42 1507 un
55 1452 144 1531 μεθα
166 1446 229 1529 τήν
251 1447 453 1532 προτροπήν.
492 1447 581 1512 καθὸ
600 1443 661 1531 μὲν
674 1441 745 1512 οὖν
763 1447 956 1532 ἐξωτερικάς
978 1470 1070 1525 τινας

55 1553 222 1629 ἐπιλύσεις
256 1550 314 1618 καὶ
353 1553 469 1630 κοινάς
504 1552 611 1636 πάσης
648 1556 851 1638 φιλοσοφίας
892 1553 1070 1637 ἐντάξομεν

55 1659 161 1748 αὐτῷ,
187 1660 270 1724 κατά
291 1667 391 1724 τοῦτο
413 1657 555 1743 ἡγητέον
579 1659 660 1726 αὐτὸ
683 1662 887 1745 κεχωρίσθαι
911 1663 1069 1742 Πυθαγο-

55 1775 152 1853 ρικοῦ
190 1767 413 1850 βουλήματος,
450 1767 537 1832 καθὸ
575 1763 612 1831 δὲ
648 1764 704 1831 καὶ
739 1767 797 1842 τὰς
832 1776 900 1831 τῶν
934 1765 1069 1850 ἀνδρῶν
1085 1786 1138 1827 15·

54 1874 184 1939 τοότων
201 1872 405 1959 κυριωτάτας
426 1870 503 1957 περὶ
525 1869 665 1938 ἑκάστου
685 1872 784 1953 δόξας
802 1870 1069 1956 ἐγκαταμίξομεν,

54 1980 138 2046 κατὰ
156 1987 255 2045 τοῦτο
273 1978 374 2045 πάλιν
393 1980 518 2044 οἰκείου
535 1975 597 2063 μὲν
612 1983 873 2064 Πυθαγορικῶν,
893 1977 1070 2065 ἀλλότριον

56 2086 94 2152 δὲ
115 2096 185 2153 τῶν
207 2087 318 2151 ἀλλων
341 2087 539 2171 φιλοσόφων
566 2088 673 2162 καλῶς
700 2086 767 2169 ἔχει
795 2087 955 2150 τίθεσθαι
979 2085 1069 2150 αὐτό.
1172 2147 1176 2151 .

55 2194 247 2277 λεληθότως
270 2189 323 2275 δέ,
352 2192 397 2269 ὡς
420 2193 523 2275 είκός,
551 2190 865 2275 ἀποπαιδαγωγήσει
887 2188 948 2276 μὲν
971 2200 1069 2257 τοῦτο

55 2299 141 2383 ἡμᾶς
164 2297 228 2364 ἀπὸ
251 2308 320 2364 τῶν
347 2297 549 2380 ἐξωτερικῶν
577 2297 736 2383 ἐννοιῶν,
765 2298 923 2383 προσάξει
951 2296 989 2364 δὲ
1015 2296 1071 2363 καὶ
1085 2318 1112 2358 ιο

57 2405 222 2472 οἰκειώσει
253 2404 394 2489 μάλιστα
425 2415 496 2481 ταῖς
522 2404 754 2491 προκειμέναις
781 2404 835 2472 καὶ
863 2407 945 2472 κατὰ
972 2407 1072 2489 τήνδε

56 2513 118 2597 τήν
147 2511 278 2598 αἵρεσιν
304 2509 622 2597 τεχνολογουμέναις
651 2514 913 2598 παρακλήσεσιν,
942 2503 996 2576 οἷά
1023 2535 1073 2588 τις

30 2618 34 2622 ’
56 2615 189 2703 γέφυρα
212 2615 232 2702 ή
250 2616 368 2702 κλίμαξ
386 2617 538 2682 κάτωθεν
557 2618 627 2684 ἀνω
644 2616 700 2684 καὶ
720 2620 766 2695 είς
784 2618 870 2695 ὕψος
889 2616 926 2681 ἐκ
943 2617 1073 2699 βάθους

58 2724 210 2810 ἀνιμῶσα
224 2728 352 2789 πολλοῦ
365 2722 420 2789 καὶ
434 2723 606 2807 ἀνάγουσα
619 2726 682 2808 τὴν
697 2722 836 2789 ἑκάστου
850 2732 917 2788 τῶν
927 2725 1073 2806 γνησίως

57 2829 289 2916 προσεξόντων
317 2831 485 2895 διάνοιαν·
518 2832 565 2907 είς
587 2833 651 2916 γάρ
679 2830 716 2895 τὸ
744 2838 877 2894 τοιοῦτο
908 2826 964 2893 καὶ
996 2829 1073 2913 ἐμη-
1087 2847 1113 2888 25

57 2939 192 3021 χανήθη
211 2937 294 3002 κατά
312 2939 451 3020 μίμησιν
470 2934 525 3001 καὶ
543 2935 708 3021 ἀπόμυξιν
721 2947 788 3002 τῶν
807 2933 1072 3021 προλεχθέντων.

58 3043 93 3108 οί
126 3043 192 3129 γὰρ
229 3045 443 3108 παλαιότατοι
480 3040 536 3108 καὶ
572 3044 662 3133 αὐτῷ
694 3044 983 3128 συγχρουήσαντες
1017 3039 1073 3106 καὶ

148 3206 190 3255 27.
206 3219 234 3270 p.
250 3205 310 3268 106,
326 3205 359 3254 12
374 3201 409 3255 cf.
424 3199 480 3256 Vit.
496 3200 696 3269 Pyth.104sq.
711 3203 748 3270 (p.
765 3204 807 3267 76,
822 3205 918 3266 5-77,
929 3198 1072 3268 9Nauek).

150 3347 185 3396 14
203 3336 273 3396 αὐτὸ
298 3341 437 3413 Scaligerz
456 3337 532 3397 αάτῶ
556 3343 566 3411 u
587 3346 621 3396 2⁷
642 3338 882 3412 σνγχρονήσαντες
904 3339 951 3396 hie
974 3342 1073 3397 codex:

56 3412 163 3469 rectius
176 3415 410 3482 τυγχρονίταντες
419 3413 475 3469 vit.
485 3412 567 3483 Pyth.
582 3413 628 3485 (ef.
643 3414 730 3469 etiam
744 3429 830 3482 supra
842 3430 872 3482 ρ,
881 3415 974 3481 affl„
989 3413 1022 3466 at
1039 3413 1074 3466 οἱ·

55 3483 164 3537 mih'ter
175 3482 330 3550 (Iamblicb.
338 3486 363 3554 Ρ)
374 3485 563 3560 Theologum.
574 3485 740 3558 Λήθης
749 3491 840 3556 &m
853 3483 908 3538 m
916 3477 1099 3548 συνεφόρει.
