2400 3930
390 791 736 875 PRAEFATIO.

124 1073 298 1139 Iamblichi
329 1073 569 1156 Protrepticum
608 1074 664 1157 qui
701 1078 776 1138 ante
813 1096 865 1140 me
903 1074 1074 1140 ediderunt

54 1181 221 1247 Iohannes
249 1179 402 1245 Arcerius
431 1179 652 1245 Theodoretus
681 1177 897 1267 (Franckerae
922 1204 948 1246 a.
970 1178 1072 1268 1598)

53 1291 91 1351 et
119 1286 317 1370 Theophilus
347 1285 514 1371 Kiessling
541 1284 684 1374 (Lipsiae
713 1310 741 1352 a.
771 1287 872 1372 1813)
906 1288 1072 1353 codicibus

55 1393 109 1458 usi
133 1395 210 1458 sunt
231 1392 355 1456 mendis
379 1392 576 1477 turpissimis
601 1395 813 1478 scatentibus,
842 1416 978 1478 quorum
1003 1395 1069 1458 exi·

56 1520 157 1585 guam
190 1499 362 1563 admodum
395 1502 521 1582 partem
553 1500 687 1564 sustulit
720 1501 880 1565 editorum
913 1499 1072 1565 sollertia.

58 1604 110 1670 Ac
138 1602 265 1668 ‘bouus'
296 1602 426 1686 quidem
450 1604 603 1669 Arcerius
630 1605 677 1670 ita
704 1606 890 1689 frequenter
919 1609 951 1670 et
976 1604 1071 1670 vehe-

57 1714 187 1774 menter
205 1710 406 1793 vituperatus
427 1714 477 1775 est
496 1711 536 1775 ab
557 1711 659 1776 doctis
679 1711 875 1797 hominibus,
897 1715 933 1777 ut
951 1711 1075 1794 pudeat

56 1838 144 1881 nunc
175 1813 349 1880 maledicta
381 1814 562 1879 maledictis
593 1815 709 1879 addere
718 1813 751 1901 ¹).
796 1815 975 1900 Aliquanto
1008 1839 1073 1881 me·

60 1922 123 1986 lior
144 1925 193 1986 est
211 1920 405 2006 Kiesslingii
429 1920 537 2004 editio,
562 1921 617 2004 qui
640 1922 798 1985 nonnulla
821 1926 854 1986 et
876 1922 945 2004 ipse
965 1943 1004 1986 ex
1022 1922 1072 1985 in-

60 2028 157 2112 genio
183 2024 409 2112 emendavit2),
433 2027 562 2110 saepius
582 2033 689 2090 autem
707 2047 793 2090 nova
811 2025 931 2089 damna
948 2025 1072 2110 intulit,

56 2155 133 2198 cum
160 2134 250 2197 locos
278 2154 345 2197 non
371 2153 492 2215 paucos
519 2131 572 2197 vel
602 2131 772 2196 sanissime
796 2131 936 2196 traditos
961 2130 1072 2196 ‘corri-

57 2237 172 2324 geret’,
191 2238 224 2303 id
239 2241 290 2302 est
305 2237 491 2303 foedissime
506 2241 733 2322 corrumperet.
761 2238 921 2321 Exempla
935 2238 1074 2324 colligat

57 2345 166 2430 quivis
186 2367 224 2409 ex
244 2345 357 2428 quavis
377 2344 443 2408 fere
457 2344 593 2429 pagina:
613 2343 757 2408 adferam
771 2344 936 2409 nonnulla.
967 2343 1003 2410 P.
1019 2345 1073 2429 60,

56 2451 101 2515 21
132 2450 305 2536 distinguit
332 2451 480 2534 θεωρίας
510 2449 715 2534 ἀμηχάνους,
744 2451 781 2515 τὸ
814 2448 936 2526 κάλλος
965 2447 1074 2514 ἀτενί-

134 2628 160 2694 1)
180 2625 256 2690 Quae
279 2623 315 2677 ab
335 2624 448 2678 Arcerio
468 2623 587 2678 dicenda
606 2626 686 2678 erant
704 2623 775 2677 dixit
793 2621 937 2678 Nauckius
956 2623 986 2675 in
1004 2623 1072 2677 Pro-

57 2713 162 2782 legom.
188 2713 224 2766 ad
241 2711 299 2766 Vit.
318 2713 401 2780 Pyth.
421 2731 448 2782 p.
464 2711 488 2765 V
503 2710 567 2766 adn.
603 2710 701 2780 Neque
725 2711 827 2765 desunt
848 2709 878 2764 in
896 2709 1073 2780 Protreptioo

56 2799 169 2854 Arcerii
187 2800 395 2856 emendationes
415 2803 444 2856 et
462 2799 647 2854 correctiones
668 2815 739 2867 quae
753 2799 876 2866 iniquius
896 2815 956 2855 esse
971 2798 1072 2855 Oobeti

58 2887 196 2942 iudicium
215 2890 360 2944 testentur.

133 2979 160 3046 2)
179 2976 328 3031 invenerat
345 2995 371 3046 p.
387 2983 443 3046 9,7
467 2977 505 3049 τῷ
529 2973 636 3045 σώματι
660 2975 705 3030 vel
727 2976 765 3048 τῷ
793 2972 902 3044 σώματι
925 2971 957 3028 τὸ
981 2975 1071 3044 σῶμα,

60 3071 94 3120 15
113 3085 158 3132 τε,
180 3070 251 3132 16,1
271 3060 440 3134 ἀποτρέπει,
464 3070 506 3133 18,
521 3069 554 3118 21
575 3058 664 3126 οὕτως
681 3063 728 3118 vel
746 3058 840 3128 ὄντος,
859 3067 952 3128 29,10
970 3067 1073 3132 ταῦτα,

57 3161 103 3224 36,
119 3160 155 3208 24
174 3155 301 3224 τοιαῦτα,
320 3160 364 3221 49,
380 3158 412 3206 12
433 3151 519 3208 ἕνεκα
537 3147 639 3206 τούτου
659 3152 726 3217 etc.;
746 3151 867 3205 coniecit
884 3150 923 3223 τῷ
937 3148 970 3205 τὸ
984 3155 1075 3222 σῶμα,

57 3262 105 3312 γε,
129 3237 293 3310 προτρέπει,
318 3236 419 3308 ὅντως,
439 3236 556 3309 ταύτης,
576 3239 719 3308 τοιαῦται,
739 3237 825 3294 ἕνεκά
844 3259 894 3294 του
914 3241 980 3311 etc,
1000 3256 1073 3308 quae

56 3346 133 3384 nunc
157 3328 252 3383 omnia
274 3330 306 3383 ut
327 3329 515 3399 Kiesslingius
540 3329 698 3383 correxerat
721 3325 826 3382 obtulit
849 3328 938 3384 codex
956 3329 1071 3383 Floren-

56 3418 144 3474 tinus.
182 3417 330 3472 Praeterea
347 3417 381 3474 cf.
401 3417 506 3476 Adnot.
527 3415 598 3475 cra.
929 3501 946 3530 ,Α

288 3511 290 3515 ⁴
910 3520 935 3555 a
