2400 3930
123 131 167 194 24
464 127 466 132 ·
535 103 724 186 ἰειιειιυιιι

124 293 263 376 μάλιστα
300 291 431 377 ἐκείνην
464 293 526 376 τήν
562 292 745 378 ἐπιστήμην
780 298 984 379 κτήσασθαι,
1021 290 1057 361 δι’

124 399 267 463 ἀτενίσει
286 420 335 475 τις
353 399 456 464 αὐτὸν
474 401 625 486 καθαρὸν
639 397 695 465 καὶ
714 399 758 477 δι’
777 396 816 484 ής
828 406 989 466 πλατεῖαν
1004 402 1057 486 εὑρ

123 506 186 589 τήν
203 506 285 591 πρὸς
304 506 407 572 αὐτὸν
426 510 564 593 πορείαν
582 505 637 572 καλ
657 504 701 571 δι’
721 502 761 590 ής
778 508 818 572 τὰ
836 505 913 592 τέλη
933 520 1005 585 ταῖς
1023 509 1057 594 ἀρ

124 613 275 690 συνάψει.
320 613 500 695 τελεωτάτη
517 615 596 696 ,γάρ
626 613 647 697 ή
674 613 810 696 τοιαύτη
844 615 908 698 ζωή
941 613 997 679 καὶ
1029 615 1057 680 εί

98 722 240 802 ὁμονία,
278 716 388 783 οὐκέτι
425 719 651 803 διωρισμένως
687 722 728 784 τά
764 724 934 786 τελευταῖα
973 721 1035 786 ἀπὸ

124 825 266 909 πρώτων
298 825 531 907 διακρίνουσα,
569 823 640 890 ἀλλ’
677 827 724 902 είς
756 827 793 890 ἓν
824 828 864 891 τά
901 829 1057 912 συναμφό

124 938 227 995 ταῦτα
251 934 464 1014 συλλαβοῦσα
487 931 588 1017 ἀρχάς
605 955 641 997 τε
664 930 718 996 καὶ
741 931 834 1008 τέλος
851 930 906 997 καὶ
930 931 1035 1017 μέσον
1054 964 1057 992 ι

125 1036 320 1122 συνέχουσα.
366 1038 502 1121 τοιαύτη
531 1038 594 1124 γάρ
622 1037 713 1104 ἐστιν
736 1037 757 1121 ή
779 1040 858 1103 θεία
886 1040 993 1121 αίτία,
1022 1035 1057 1122 ής

126 1142 324 1227 ἀντέχεσθαι
346 1147 425 1220 τοὺς
448 1141 628 1228 μέλλοντας
651 1145 920 1228 εὐδαιμονήσειν.
967 1146 1054 1210 οὕτω

87 1266 112 1305 10
127 1243 189 1313 οὖν
212 1247 233 1330 ή
256 1250 427 1332 προτροπή
454 1251 510 1313 διά
536 1249 671 1313 πάντων
700 1250 918 1329 διεξελθοῦσα
946 1261 1014 1316 τῶν
1041 1275 1057 1315 τ

126 1352 206 1436 ήμῖν
225 1350 279 1418 καὶ
298 1364 366 1417 τῶν
385 1353 422 1418 ἐν
440 1362 480 1438 τή
499 1354 599 1438 φύσει
617 1353 672 1420 καὶ
696 1357 741 1432 ὡς
760 1359 836 1434 ἔπος
859 1358 964 1422 εἰπεῖν
986 1358 1041 1422 διά

126 1481 194 1523 των
211 1470 279 1524 τῶν
298 1461 417 1542 ὄντων,
442 1462 775 1543 συνεκεφαλαιώσατο
794 1461 900 1538 πάσας
918 1463 977 1539 τὰς
996 1463 1057 1548 έφό

127 1566 174 1641 είς
196 1568 276 1650 μίαν
299 1566 360 1648 τήν
384 1563 437 1630 έπλ
459 1567 519 1631 τὸν
542 1566 626 1631 θεὸν
649 1565 841 1649 ἀνήκουσαν
866 1567 1056 1653 ἀναγωγήν.

216 1672 256 1737 V.
280 1676 344 1736 Δεῖ
366 1668 402 1736 δέ
421 1673 539 1737 λοιπὸν
558 1672 673 1749 αὐταῖς
691 1684 763 1749 ταῖς
781 1679 1038 1760 Πυθαγορικαῖς

88 1792 113 1833 15
129 1773 238 1862 ρέσεσι
271 1784 505 1864 προσχρῆσθαι
539 1780 586 1854 είς
622 1779 660 1842 τὸ
697 1779 904 1866 προτρέπειν.
951 1781 1042 1846 πάνυ

128 1882 287 1968 έντρεχῶς
313 1883 369 1950 καὶ
400 1874 588 1950 τελειότατα
623 1882 678 1949 καὶ
710 1887 794 1970 πρὸς
824 1888 883 1964 τὰς
914 1888 1017 1963 άλλας
1045 1912 1057 1972 q

128 1994 249 2074 σοφίας
262 1989 510 2076 ἐξηλλαγμένως
524 1992 560 2056 οί
569 1992 652 2055 κατὰ
665 1992 766 2074 τήνδε
779 1993 841 2075 τήν
856 1993 986 2078 αἵρεσιν
1001 1990 1056 2078 διή

128 2096 283 2183 ἑπόμενοι
305 2108 377 2174 ταῖς
396 2097 526 2163 ἐκείνου
541 2098 769 2173 διδασκαλίαις
787 2099 847 2162 τὸν
865 2101 913 2174 εἰς
930 2103 1057 2186 παρόρμ

128 2202 180 2269 ἐπὶ
203 2206 409 2288 φιλοσοφίαν
423 2192 549 2286 λόγον,
578 2203 772 2287 εὐμηχάνως
800 2204 1057 2289 έπιρρωννύντες

88 2325 114 2366 20
128 2309 342 2390 πιστούμενοι
356 2290 565 2384 άποδείξεσιν
575 2307 929 2394 έπιστημονικωτάταις
943 2309 1050 2396 μηδὲν

127 2415 298 2478 κάλουθον
321 2413 598 2494 συναγαγοάσαις.
645 2413 709 2479 είσὶ
734 2413 958 2499 δὲτοιαῦται·

218 2517 347 2594 Πάντες
369 2520 545 2602 άνθρωποι
568 2523 763 2605 βουλόμεθα
786 2517 1018 2607 εὖπράττειν,
1043 2548 1058 2589 ε

95 2621 98 2625 ’
127 2625 328 2711 πράττομεν,
352 2626 383 2690 εί
408 2624 488 2709 ήμῖν
516 2617 622 2691 πολλά
650 2626 762 2710 ἀγαθά
789 2631 916 2714 παρείη.
964 2630 1057 2713 άναθ

127 2735 167 2798 τά
199 2732 260 2818 μέν
297 2731 366 2798 ἐστι
401 2733 484 2797 κατὰ
517 2743 624 2817 σῶμα,
663 2734 746 2798 ὥστε
783 2735 904 2811 ἱκανῶς
941 2735 1022 2801 αὐτὸ

88 2856 114 2896 2⁵
128 2823 329 2903 εσκευάσθαι
365 2840 448 2922 πρὸς
488 2838 549 2921 τήν
585 2839 668 2902 κατά
704 2838 809 2922 φύσιν
846 2846 1051 2926 συμμετρίαν

127 2952 247 3029 κρᾶσιν
269 2940 325 3008 καὶ
348 2941 544 3027 ῥώμηντδι
569 2940 605 3008 δέ
629 2942 665 3008 έν
688 2954 758 3020 τοῖς
781 2944 886 3028 έκτός,
916 2947 1027 3034 ὥσπερ
1050 2973 1057 3013 ι

127 3074 215 3116 νειαι
241 3047 297 3115 καλ
324 3049 483 3133 δυνάμεις
509 3046 564 3114 καὶ
594 3047 685 3134 τιμαὶ
713 3050 750 3114 έν
776 3059 816 3135 τῇ
844 3049 965 3118 ἑαυτοῦ
993 3076 1058 3120 πατ

217 3249 259 3297 22.
279 3261 306 3312 p.
326 3203 400 3311 2¹22
420 3239 686 3324 ελ.ᾙ1εῖ.ΕιιῖῙιχδ.
705 3259 752 3311 pp.
772 3243 941 3299 278E-289
952 3245 983 3300 B.

219 3424 234 3471 2
254 3416 318 3473 fort.
333 3416 378 3481 ’τις
392 3415 475 3491 (είς)
488 3419 498 3488 ΙΙ
513 3424 545 3474 16
564 3393 698 3488 τελειάηή
717 3423 749 3472 19
770 3415 975 3489 έπιρωννάντες
992 3424 1003 3493 ss
1022 3428 1056 3476 24

129 3487 202 3543 κατὰ
221 3484 295 3560 (va)
315 3489 395 3559 σῶμα
415 3490 448 3543 cl.
467 3489 539 3544 Plat.
553 3489 577 3547 1.
592 3507 614 3545 ο.
633 3506 660 3557 p.
680 3488 772 3544 279A.
