2400 3930
31 136 35 143 ·
360 121 634 179 PROTREPTICUS
654 127 687 193 (υ.
702 69 788 196 ixl).
1019 131 1083 196 115

42 330 45 335 ·
83 289 129 372 μη
147 287 397 375 ἐπιστρέφου·
424 282 598 370 Ἐρινύες
620 288 693 372 γὰρ
719 286 984 373 μετέρχονται.
1029 292 1084 359 καί

10 383 15 432 ³
42 392 45 397 ’
82 393 137 479 γὰρ
162 403 260 461 τοῦτο
295 395 344 471 εἰς
374 395 581 477 φιλοσοφίαν
612 393 791 480 προτρέπει
822 394 876 460 καί
908 398 971 481 την
1002 402 1084 464 κατὰ

83 511 153 567 νοῶν
170 501 408 586 αὐτοπραγίαν.
442 499 542 583 δηλοῖ
556 523 591 565 τε
609 498 665 566 καί
683 498 837 584 προλέγει
855 504 893 567 τὸ
912 504 1083 588 σύμβολον

85 599 213 693 ἐναργῶς
236 607 289 672 ότι
311 611 512 692 φιλοσοφεῖν
536 604 794 691 ἐπιβαλλόμενος
818 609 935 693 χώριζε
958 613 1083 676 σαυτὸν

85 714 200 780 πάντων
223 723 420 799 σωματικῶν
442 710 498 778 καί
521 714 704 798 αἰσθητῶν,
728 711 783 779 καί
802 717 908 793 όντως
929 717 1109 784 θανοίτουν

10 803 13 815 ’
84 821 204 906 μελέτην
236 826 337 885 ποιοῦ
365 816 418 886 ἐτί
443 820 484 884 τὰ
510 820 615 903 νοητὰ
642 817 697 884 καί
724 821 810 887 όυλα
838 820 893 888 καί
923 822 974 889 ἀεὶ
1001 827 1084 890 κατὰ

83 928 169 994 ταύτὰ
186 928 242 996 καί
258 930 415 1007 ὡσαύτως
428 931 546 1015 ἔχοντα
561 927 798 1015 ἀμεταστρεπτὶ
811 941 930 1015 χωρῶν
944 932 1001 996 θιίι
1014 943 1082 997 τῶν

10 1038 16 1054 “
81 1039 305 1121 προσηκόντων
335 1034 550 1122 μαθημάτων.
601 1034 770 1120 ἀποδημία
801 1033 863 1121 μὲν
890 1038 954 1123 γὰρ
986 1038 1082 1121 μετό-

79 1157 179 1220 στασις
200 1128 322 1228 τόπου,
344 1143 493 1219 θάνατος
517 1139 554 1208 66
576 1141 594 1209 6
618 1152 675 1227 τῆς
697 1151 805 1227 ψυχῆς
827 1145 993 1230 χωρισμὸς
1016 1144 1080 1210 ἀπὸ

77 1251 310 1336 τοῦσώματος,
335 1246 433 1326 οὗτος
457 1246 494 1314 66
516 1250 554 1315 τὸ
577 1254 778 1334 φιλοσοφεῖν
801 1250 845 1327 ὡς
869 1250 1004 1335 ἀληθῶς
1026 1250 1081 1317 καί
1097 1267 1122 1306 10

10 1372 12 1377 ’
73 1357 146 1423 ίίνευ
173 1359 402 1442 αἰσθητηρίων
434 1352 489 1420 καί
517 1366 712 1440 σωματικῶν
740 1355 916 1442 ἐνεργειῶν
943 1364 1081 1446 καθαρῷ

69 1471 109 1551 τῷ
131 1470 181 1552 νῷ
205 1469 351 1549 χρῆσθαι
373 1464 421 1539 εἰς
443 1461 628 1546 κατάληψιν
651 1471 709 1547 της
732 1461 769 1528 ἐν
792 1474 861 1540 τοῖς
882 1459 980 1530 οὖσιν
1004 1464 1081 1548 ίιλη-

65 1573 174 1654 θείας,
201 1570 286 1654 ἥπερ
313 1567 518 1652 ἐπέγνωσται
545 1571 649 1653 σοφία
673 1563 767 1634 οὖσα.
813 1575 1014 1654 φιλοσοφεῖν
1038 1572 1079 1654 δη

63 1676 322 1761 ἐπιβαλλόμενος
344 1675 388 1760 μὴ
412 1672 613 1760 ἐπιστρέφου
636 1671 720 1759 μηδὲ
743 1674 911 1741 καθέλκου
935 1678 1018 1762 πρὸς
1040 1678 1081 1741 τὰ

60 1785 206 1869 πρότερα
228 1779 284 1847 καί
307 1781 344 1847 ἐν
363 1783 552 1866 συντροφία
571 1797 626 1846 σοι
644 1778 878 1847 ὃιατελέσαντα
898 1784 1079 1867 σωματικά·
1096 1796 1121 1836 15

60 1889 220 1974 μετάνοια
242 1889 307 1974 γὰρ
330 1887 366 1953 ἐκ
387 1889 509 1953 τούτου
532 1890 638 1971 πολλή
664 1904 719 1954 σοι
741 1887 922 1974 παρόψεται
945 1888 1081 1973 ἐμποδι-

60 1993 188 2082 ζομένφ
213 1995 313 2072 εἰς
276 2017 336 2072 τας
352 1994 457 2078 ὑγιεῖς
474 1994 711 2078 καταλήψεις*
694 1996 760 2059 υπὸ
784 2003 841 2078 τῆς
863 1993 993 2081 περὶ
957 2021 997 2060 τα
1016 2012 1079 2061 σω-

18 2125 180 2227 ἐ,ματικα
168 2099 324 2185 ἀχλύος.
360 2101 422 2184 την
440 2096 476 2165 6
491 2101 669 2185 μετάνοιαν
684 2097 843 2185 Ἐρινὺν
857 2103 1079 2185 μετωνόμασε.

10 2188 46 2290 2}
154 2209 201 2273 Τὸ
234 2204 271 2272 66
302 2208 399 2292 πρὸς
429 2207 544 2290 η’λιον
579 2205 847 2292 τετραμμένος
883 2209 931 2291 μὴ
969 2208 1081 2293 οὔρει

59 2314 171 2382 ἐκεῖνο
207 2311 396 2399 προτρέπει·
438 2309 543 2398 μηδὲν
581 2315 707 2401 ζφῶθες
744 2312 924 2396 ἐπιβάλλον
959 2324 1079 2397 ποιεῖν,
1095 2328 1121 2367 2⁰

60 2422 244 2506 φιλοσόφει
273 2416 309 2484 δὲ
336 2421 396 2485 τὸν
420 2419 568 2504 οὐρανὸν
591 2420 680 2505 ὁρῶν
704 2418 759 2487 καὶ
784 2423 844 2487 τὸν
866 2422 979 2506 ἥλιον,
1008 2418 1080 2507 φῶς

59 2527 99 2594 τέ
124 2543 180 2592 σοι
207 2535 265 2610 τῆς
292 2526 450 2610 ἀληθείας
476 2525 639 2612 ἡγείσθω,
666 2525 722 2593 καὶ
745 2527 908 2613 μηδέποτε
930 2527 1079 2613 μέμνησο

60 2635 295 2719 ταπεινόφρων
328 2628 415 2698 εἶναι
447 2632 483 2698 ἐν
511 2636 711 2722 φιλοσοφίᾳ,
744 2634 796 2699 ἐπί
824 2638 928 2711 θεοὺς
956 2632 993 2698 δὲ
1024 2633 1080 2698 καί

10 2757 49 2802 ιε.
64 2743 191 2825 σοφίαν
210 2741 266 2805 διὰ
284 2749 341 2823 τῆς
358 2751 425 2806 τῶν
444 2741 613 2826 οὐρανίων
632 2733 832 2818 ἐπισκέψεως
850 2739 1003 2824 ἀνέρχου,
1024 2738 1080 2803 καὶ

59 2850 247 2935 φιλοσοφίᾳ
279 2846 536 2932 ἐπιβαλλόμενος
567 2845 622 2912 καὶ
649 2855 694 2934 τῷ
724 2846 760 2912 ἐν
793 2846 875 2931 αὐτῇ
908 2843 994 2929 φωτί
1021 2854 1079 2929 της
1093 2859 1119 2899 25

61 2954 223 3039 ἀληθείας
240 2955 415 3039 καθαίρων
433 2955 574 3019 σεαυτὸν
591 2951 647 3019 καὶ
665 2951 800 3038 τραπείς
818 2951 871 3018 ἐπὶ
889 2953 950 3035 τὴν
969 2954 1079 3017 τοιαύ-

60 3083 123 3144 την
156 3059 369 3142 ἐπιτήδευσιν
400 3046 581 3143 θεολογίαν
617 3083 653 3124 τε
683 3057 739 3125 καὶ
770 3062 991 3144 φυσιολογίαν
1023 3055 1079 3122 καὶ

62 3175 251 3252 σφαιρικῶν
279 3166 460 3249 ἐπίγνωσιν
487 3167 692 3250 αἰτιολογίαν
720 3190 754 3231 τε
782 3167 843 3250 τὴν
865 3161 948 3251 ὑπὲρ
971 3164 1079 3229 πάντα

59 3280 164 3339 ταῦτα
188 3271 302 3356 μηκέτι
327 3269 454 3359 ζφῶὸἐς
476 3295 507 3336 τι
530 3274 618 3337 ποίει
641 3269 725 3357 μηδὲ
748 3273 1010 3357 βοσκηματῶὸες.

133 3429 214 3486 ῶκαλ
229 3422 406 3492 ουτωςΚεκ
421 3445 517 3499 apogr
533 3428 587 3484 ciz
602 3431 733 3500 [Ιλοίοεῖ
744 3427 825 3504 <ε
839 3425 898 3485 ιιε
891 3436 932 3485 νο
947 3432 956 3501 Η
970 3426 1055 3485 24

61 3501 231 3570 τκέψεωςΑ
237 3496 453 3571 ιέπιοκήψεως,

904 3591 942 3646 Q*
