2400 3930
9 764 44 881 ζι.
179 791 421 857 ΚΕΦΑΛΑΙΑ
444 790 532 856 Τοε
556 789 794 858 Δονεεεον
818 792 976 859 Λοεου.

9 975 37 1026 Α
157 955 216 1028 Τίς
233 951 254 1034 ἡ
274 950 357 1036 άρχη
375 953 458 1016 κατά
478 953 688 1037 Πυθαγόραν
709 960 768 1036 τῆς
791 953 837 1028 είς
857 954 1012 1018 παιδείαν
1029 951 1085 1017 καὶ

10 1100 18 1153 3,
54 1060 271 1146 φιλοσοφίαν
291 1060 485 1142 εἰσαγωγῆς,
508 1056 564 1122 καὶ
586 1069 656 1134 πῶς
672 1059 849 1141 κοινοτάτη
874 1056 943 1123 ἐστὶ
963 1056 1019 1123 καὶ
1037 1061 1085 1135 είς

13 1208 17 1215 -
53 1167 172 1232 πάντα
199 1166 240 1228 τά
267 1166 314 1241 είς
340 1167 547 1250 φιλοσοφίαν
575 1164 688 1247 άγαθά
716 1165 945 1255 διατείνουσα,
973 1168 1023 1242 τίς
1049 1189 1084 1231 τε

10 1302 12 1363 j
55 1273 167 1355 αὐτῆς
195 1270 216 1353 ἡ
242 1270 333 1348 τάξις
359 1269 415 1336 καὶ
442 1271 493 1336 ότι
520 1279 615 1356 τριχῇ
640 1272 831 1356 διαιρεῖται,
858 1270 914 1337 καὶ
940 1283 1009 1349 πῶς
1032 1270 1111 1337 άεὶο

10 1372 17 1423 ῗ
55 1381 218 1464 πρόεισιν
241 1375 294 1442 ἐπὶ
315 1379 353 1443 τὸ
376 1379 624 1463 καθαρώτερον.

10 1502 38 1559 Β
154 1485 310 1568 Γνωμικά
331 1483 529 1569 ὁμοιώματα
555 1486 777 1579 προτρεπτικά
805 1484 868 1550 ἀπὸ
896 1495 965 1551 τῶν
988 1485 1083 1570 ἐναρ-

10 1622 18 1677 ;
58 1602 134 1675 γῶν
158 1599 239 1655 πᾶσι
261 1598 421 1656 κινοῦντα
443 1591 539 1675 ἡμῶν
561 1592 623 1674 τὴν
650 1595 846 1677 προθυμίαν
872 1590 925 1657 ἐπὶ
947 1595 984 1658 τὸ
1008 1616 1083 1676 γεν-

10 1682 16 1775 fi
57 1700 167 1773 ναίῶς
195 1695 500 1782 ἀντιλαμβάνεσθαι
528 1706 585 1781 της
613 1707 733 1775 κοινῶς
756 1701 838 1764 κατά
862 1708 973 1764 πᾶσαν
996 1699 1084 1784 α’ίρε-

59 1818 121 1867 σιν
145 1800 332 1887 νοουμένης
355 1802 480 1887 άρετῦς.
709 1835 711 1839 ’
1098 1824 1124 1863 ιο

154 1907 392 1992 Πυθαγορικαὶ
420 1920 549 1994 γνῶμαι
572 1908 807 1994 προτρεπτικαὶ
835 1912 1005 1995 ἔμμετροι,
1037 1911 1083 1987 είς

60 2023 175 2080 πᾶσαν
198 2015 260 2097 την
283 2013 422 2100 άρίστην
440 2013 495 2080 καὶ
513 2017 693 2098 θειοτάτην
710 2019 918 2100 φιλοσοφίαν
936 2037 1084 2098 παρακα-

61 2128 136 2188 λεῖν
160 2123 353 2206 δυνάμεναι.

148 2224 420 2312 Ἐπιστημονικαὶ
437 2231 557 2314 ἔφοδοι
575 2229 622 2306 είς
635 2231 828 2314 προτροπὴν
841 2234 1012 2296 τείνουσαι
1026 2238 1084 2314 τῆς

60 2341 270 2419 θεωρητικῆς
288 2337 492 2419 φιλοσοφίας
510 2336 591 2419 μετά
608 2344 670 2400 τοῦ
688 2334 743 2401 καὶ
762 2337 983 2402 διδασκαλίαν
1000 2358 1083 2424 παρ-
1098 2355 1123 2395 1⁵

64 2439 154 2526 ἔχειν
182 2441 263 2506 ὅσον
289 2462 325 2505 τε
352 2438 407 2505 καὶ
435 2440 552 2523 ἡλίκον
579 2440 712 2524 ἀγαθόν
740 2441 831 2508 ἐστιν
857 2442 878 2526 η
902 2446 1006 2527 σοφία
1028 2442 1084 2509 καὶ

64 2549 120 2613 διὰ
142 2549 237 2627 τίνας
260 2547 366 2624 αίτίας
387 2549 677 2633 περισπούδαστον
700 2559 770 2625 τοῖς
794 2543 831 2614 εὖ
855 2558 1031 2634 φρονοῦσι.

24 2658 27 2663 “
153 2647 390 2739 Πυθαγορικοὶ
413 2656 506 2731 ἰδίως
524 2653 710 2741 προτροπαὶ
730 2659 817 2721 πολὺ
836 2655 1083 2740 παραλλάττου-

62 2776 119 2824 σαι
142 2760 202 2835 τάς
224 2761 312 2844 παρὰ
334 2770 404 2837 τοῖς
428 2761 541 2838 άλλοις
564 2762 765 2846 φιλοσόφοις
783 2765 1005 2847 παρακλήσεις
1027 2762 1083 2828 καὶ

64 2867 152 2942 ίδίας
175 2867 374 2949 ποιούμεναι
396 2866 454 2942 τάς
478 2866 631 2951 ἐφόδους.
1096 2885 1124 2926 20

153 2973 342 3057 Σάμμικτοι
364 2972 551 3059 προτροπαὶ
572 2977 656 3058 πρός
678 2998 713 3040 τε
736 2976 798 3058 τὴν
821 2975 1004 3060 πρακτικὴν
1026 2973 1082 3039 καὶ

61 3079 238 3161 πολιτικὴν
266 3078 387 3164 ἀρετὴν
414 3077 470 3145 καὶ
497 3083 581 3166 πρὸς
606 3082 669 3164 τὴν
695 3091 752 3166 τῆς
774 3078 978 3166 τελειοτέρας
999 3083 1082 3146 κατά

61 3193 148 3251 νοῦν
173 3188 295 3269 σοφίας
317 3189 434 3270 κτῆσίν
456 3210 491 3252 τε
514 3185 570 3252 καὶ
592 3197 720 3274 χρῆσιν.

23 3374 30 3383 '
154 3386 169 3435 1
189 3379 232 3434 De
251 3378 415 3434 summariis
438 3380 473 3436 cf.
496 3379 598 3436 Nauck
620 3382 678 3437 Vit.
697 3382 778 3450 Pyth.
798 3399 825 3450 p.
842 3388 856 3436 1
880 3382 890 3450 l]
913 3387 929 3436 2
949 3384 990 3444 τίς
1008 3376 1080 3451 άργὴ

62 3450 110 3506 fol.
133 3450 197 3505 4‘1b
211 3451 221 3519 [Ι
236 3455 268 3505 16
289 3447 364 3506 ἐστίν
383 3447 500 3520 άγοιθὸν
519 3452 575 3506 h.l.

848 3555 851 3562 .
884 3538 920 3593 1*

64 3634 90 3677 Ἰ
