2400 3930
142 115 183 178 16
553 115 746 171 IAMBLICHI

141 275 318 362 προτρέπει
355 279 507 362 πρώτως·
544 280 582 344 τὸ
620 276 651 343 δ’
686 279 862 346 ἀπολιπεῖν
898 282 936 346 τὸ
976 291 1065 366 σῶμα
1092 289 1157 344 ιιι

139 394 340 468 μεταστῆναι
376 387 424 462 είς
458 386 519 451 τὸν
555 385 691 471 αἰθέρα,
733 387 967 471 μεταλλάττειν
1002 385 1056 453 καὶ
1088 379 1157 464 τὴῖ

139 490 362 576 ἀνθρωπίνην
399 493 503 576 φύσιν
536 495 583 570 είς
618 493 680 576 την
711 504 779 559 τῶν
813 499 905 559 θεῶν
941 497 1157 581 καθαρότητι

137 596 193 663 καὶ
221 597 294 663 ἀντί
322 605 452 682 θνητοῦ
485 602 562 683 βίον
590 599 763 665 ἀθάνατον
792 601 879 684 ζωὴν
906 607 1157 687 προαιρεῖσθαι,

110 705 185 780 σείς
207 706 268 787 την
292 704 397 787 αὐτὴν
420 705 540 771 οὐσίαν
563 730 597 771 τε
621 706 915 773 ἀποκαθίστασθαι
942 706 1076 794 παρέχει
1095 695 1157 772 καλ

137 811 217 894 μετὰ
249 817 342 876 θεῶν
377 813 552 897 περίοδον,
589 814 694 898 ἥνπερ
731 819 863 899 είχομεν
899 812 954 878 καί
991 817 1156 899 πρότερον

136 915 216 1002 πρὶν
240 918 354 984 ἐλθεῖν
377 922 424 997 είς
447 920 666 1005 ἀνθρώπινον
690 915 787 997 είδος.
833 919 984 1004 πέφηνεν
1010 923 1074 1006 ἀρα
1092 913 1151 986 καί

135 1024 156 1108 ἡ
188 1037 256 1090 τῶν
288 1014 470 1093 τοιούτων
485 1029 725 1112 παρακλήσεων
757 1025 904 1111 μέθοδος
938 1029 987 1104 είς
1018 1028 1078 1093 ὅλα
1105 1025 1148 1090 τά

136 1130 216 1215 νέυη
240 1142 307 1196 τῶν
331 1132 472 1216 ἀγαθῶν
500 1131 555 1198 καλ
583 1134 666 1217 πρὸς
692 1134 801 1199 πάντα
829 1134 870 1197 τά
900 1135 973 1218 είδη
997 1142 1056 1218 τῆς
1076 1135 1144 1217 χλελό

96 1254 121 1293 10
135 1239 246 1314 τίονος
271 1241 352 1321 ζωῆς
374 1237 459 1323 ἡμᾶς
481 1236 725 1322 προτρέπουσα.

223 1343 279 1408 IV.
302 1336 347 1408 Εί
369 1339 406 1408 δὲ
430 1345 483 1408 δεῖ
508 1345 627 1408 λοιπὸν
649 1343 704 1408 καὶ
732 1344 785 1410 ἐπὶ
806 1348 864 1423 τὰς
892 1345 1084 1430 έσωτερικάς
1107 1363 1137 1406 τε

134 1447 188 1514 καὶ
208 1449 462 1533 ἐπιστημονικὰς
480 1450 670 1534 προτροπὰς
688 1449 841 1535 ὁρμῆσαι,
860 1452 1134 1537 προχειρισώμεθα

133 1557 265 1639 πρώτας
288 1556 425 1640 ἐκείνας,
450 1558 526 1622 ὅσαι
549 1556 630 1640 μετὰ
653 1565 714 1621 τοῦ
741 1558 882 1642 διδαχὴν
904 1559 1059 1644 παρέχειν
1077 1563 1129 1620 τάν
1155 1576 1157 1599 ³

133 1664 347 1746 κυριωτάτων
379 1660 435 1726 καὶ
470 1664 611 1745 πρώτων
644 1663 769 1728 οὐσιῶν
802 1663 887 1748 ὁμοῦ
922 1662 980 1728 καὶ
1013 1654 1126 1749 προτρά-

93 1783 118 1822 15
133 1785 256 1834 πουσιυ
280 1767 333 1834 έπλ
359 1769 422 1852 την
450 1769 653 1853 θεολογικὴν
680 1767 735 1834 καὶ
762 1771 885 1856 νοεράν
914 1769 1026 1835 αὐτῶν
1051 1761 1124 1833 ἀνιά-

132 1879 227 1961 ρεσίν
262 1900 297 1942 τε
329 1875 385 1942 καὶ
417 1877 585 1962 μάθησιν,
622 1875 677 1941 καί
711 1879 794 1962 πρὸς
825 1877 887 1960 τὴν
919 1874 1123 1963 πρεσβυτάτην

132 1987 257 2068 σοφίαν
285 1990 544 2069 παρακαλοῦσιν.
587 1979 745 2068 Ἀρχύτας
772 1986 890 2048 τοίνυν
916 1983 954 2049 έν
980 1993 1025 2074 τῷ
1047 1967 1122 2060 Περί

79 2134 82 2139 -
131 2094 275 2176 σοφίας
292 2092 397 2168 εὐθὺς
411 2090 594 2176 ἀρχόμενος
607 2088 785 2175 προτρέπει
800 2090 920 2166 οὕτως·
934 2086 1121 2156 (τοσοῦτοί

132 2195 315 2279 διαφέρει
357 2199 478 2279 σοφία
519 2194 560 2260 έν
601 2204 696 2260 πᾶσι
737 2207 823 2272 τοῖς
864 2195 1121 2283 ἀνθρωπίνοιί

91 2300 375 2384 ιῡπράχμασιν,
395 2300 494 2366 ὅσον
513 2303 603 2379 ὄψις
621 2298 691 2385 μέν
706 2305 933 2368 αίσθασίων
953 2304 1120 2388 σάματοίι

130 2409 224 2481 νόος
247 2404 289 2471 δὲ
312 2416 455 2490 ψυχᾶς,
480 2407 591 2484 άλιος
615 2404 659 2473 δὲ
682 2409 845 2493 άστρων.
892 2411 984 2488 ὄψις
1012 2432 1048 2474 τε
1067 2399 1120 2488 μέλ

131 2511 420 2596 έκαβολεστάτα
456 2511 519 2578 καὶ
560 2515 875 2581 πολυειδεστάτα
915 2525 986 2581 τᾶν
1023 2510 1120 2579 ἀλλᾶν

130 2623 359 2685 αίσθασίων
396 2616 480 2684 έυτὶ
520 2617 586 2684 καί
622 2623 715 2697 νόος
750 2621 897 2698 ὕπατος
938 2624 1039 2705 λόχω
1073 2598 1121 2680 καὶ

131 2728 313 2804 διανοίας
349 2727 391 2792 τὸ
431 2725 523 2791 δέου
565 2725 810 2811 έπικραίνων
851 2726 916 2793 καί
953 2729 1042 2806 ὄψις
1071 2703 1121 2787 καὶ

89 2845 115 2885 2⁵
130 2833 298 2916 δύναμις
328 2842 405 2895 τῶν
436 2831 684 2916 τιμιωτάτων
716 2831 912 2917 ὑπάρχων.
958 2833 1066 2908 άλιός
1090 2833 1121 2903 λθ

129 2939 204 3023 μάν
228 2937 434 3021 ὀφθαλμός
457 2937 539 3002 έντι
562 2934 626 3001 καὶ
653 2939 756 3022 ψυχά
778 2948 855 3003 τῶν
885 2939 1011 3022 φύσιν
1033 2920 1148 3022 έχόλ·“

128 3067 342 3074 ,-.-----

201 3120 304 3182 l8sqq.
324 3113 466 3181 Archytae
484 3113 643 3180 fragmenta
661 3131 686 3167 v.
706 3110 736 3164 in
750 3111 902 3167 Mullachl
921 3133 947 3183 p.
963 3121 1081 3181 bbssqq·
1151 3118 1154 3124 '

199 3279 233 3327 20
244 3270 405 3343 πράγμασιν
415 3290 451 3326 m.
461 3287 515 3327 rec.
525 3287 612 3339 marg.
624 3269 704 3326 Laut.
715 3276 758 3338 86,
768 3277 815 3326 29:
829 3267 955 3341 σάμασιν
968 3277 978 3346 ΙΙ
992 3281 1025 3329 23
1037 3251 1122 3327 ίνιλΚι

128 3340 185 3397 έστλ
199 3347 208 3414 ΙΙ
222 3341 293 3416 λόχῳ
308 3345 366 3414 1124
385 3347 414 3397 et
432 3361 458 3411 p.
476 3348 518 3409 17,
528 3348 563 3397 26
582 3345 711 3403 διανοίας
730 3343 775 3410 (cl.
790 3362 816 3412 p.
837 3347 878 3409 18,
895 3347 922 3413 1)
936 3346 1007 3400 coni.
1022 3342 1057 3397 K:
1073 3338 1124 3391 Μ’

127 3418 191 3468 τοία
210 3416 218 3484 11
237 3422 271 3468 24
291 3414 372 3468 Galei
390 3415 496 3483 (opuse.
516 3412 633 3482 Mythol.
653 3431 680 3481 p.
696 3415 758 3482 732)
778 3413 969 3470 coniecturam
989 3408 1123 3480 έπετρίνΜ

127 3486 269 3555 improbat
282 3485 301 3539 I.
319 3483 398 3540 δορυ.
415 3483 503 3538 Orelli
518 3487 623 3553 (opusc.
637 3487 693 3537 vet.
708 3485 827 3543 sentent.
837 3485 864 3540 II
878 3504 904 3555 p.
919 3491 991 3558 682).
