2400 3930
364 177 634 236 Ριιοειιννιιοιιε
654 181 688 250 (ι.
703 179 748 248 v).
1021 178 1061 243 31

66 345 133 407 ότι·
157 349 203 430 τῷ
228 337 266 406 δὲ
288 338 364 426 περὶ
387 341 612 426 φιλομάθειαν
636 338 691 407 καὶ
719 338 794 425 περὶ
819 341 877 418 τὰς
905 350 963 424 τής
986 340 1064 424 ἀλη-

66 452 147 526 θείας
169 451 350 533 φρονήσεις
373 447 591 513 ἐσπουδακότι
610 445 672 536 ,καὶ
699 455 801 512 ταῦτα
829 448 969 531 μάλιστα
996 459 1063 512 τῶν

66 554 157 618 ιὺτοῦ
177 552 450 639 γεγυμνασμένῳ,
475 563 615 637 φρονεῖν
638 544 699 637 μὲν
719 552 873 618 ἀθάνατα
895 551 950 618 καὶ
972 560 1061 636 θεῖα,

66 663 156 745 ίνπερ
175 660 334 744 ἀληθείας
354 659 546 743 ἐφάπτηται,
566 667 654 724 πᾶσα
671 659 797 744 ἀνάγκη
816 681 893 743 που,
913 662 1063 726 καθόσον

66 763 88 829 δ’
104 763 145 832 αὖ
159 777 331 852 μετασχεῖν
346 766 544 851 ἀνθρωπίνῃ
560 766 659 850 φύσει
678 765 867 843 ἀθανασίας
885 766 1061 853 ἐνδέχεται,
1076 791 1089 832 5

66 875 173 940 τούτου
196 868 302 958 μηδὲν
325 870 424 956 μέρος
446 871 652 955 ἀπολείπειν,
681 873 736 936 ἀτε
760 873 801 956 δή
825 871 876 938 ἀεὶ
898 880 1062 959 θεραπευ-

71 999 136 1044 οντα
156 980 193 1043 τὸ
215 985 313 1043 θεῖον
337 977 455 1061 ἔχοντά
481 1001 516 1042 τε
544 977 648 1042 αὐτὸν
672 973 709 1042 εὖ
731 977 980 1063 κεκοσμημένον
1003 982 1063 1045 τὸν

74 1083 196 1168 δαίμονα
215 1083 372 1163 ξύνοικον
390 1082 507 1171 ἑαυτῷ,
526 1086 753 1172 διαφερόντως
772 1085 954 1168 εὐδαίμονα
968 1081 1062 1150 εἶναι.

76 1195 212 1276 θεραπεία
235 1192 272 1260 δὲ
296 1195 337 1277 δή
360 1192 460 1260 παντὶ
482 1195 604 1271 παντὸς
625 1197 693 1278 μία,
716 1196 775 1271 τὰς
798 1195 919 1271 οἰκείας
939 1192 1062 1282 έκάστφ
1127 1191 1129 1196 ’

77 1301 180 1382 τροφάς
201 1299 256 1366 καλ
278 1305 424 1385 κινήσεις
448 1301 660 1366 ἀποδιδόναι·
687 1308 732 1389 τῷ
758 1295 788 1365 δ’
815 1301 852 1366 ἐν
874 1285 955 1386 ἡμῖν
978 1305 1061 1389 θείφ
1078 1326 1102 1364 10

79 1398 220 1487 ξνγγενεῖς
243 1409 307 1473 είσι
330 1410 476 1491 κινήσεις
499 1410 537 1471 αί
560 1415 620 1471 τοῦ
649 1407 772 1484 παντὸς
796 1395 985 1491 διάνοήσεις
1007 1405 1063 1472 καὶ
1107 1438 1109 1443 ·

66 1518 241 1598 ’σεριφοραί
286 1515 420 1590 ταύταις
449 1513 490 1596 δή
515 1507 577 1578 οὖν
601 1511 826 1598 ξυνεπόμενον
849 1505 988 1579 ἕκαστον
1012 1516 1066 1579 δεῖ

79 1615 119 1692 τὰς
143 1619 215 1705 περὶ
247 1622 309 1705 τήν
338 1619 471 1703 γένεσιν
508 1618 545 1684 ἐν
576 1627 615 1704 τῇ
647 1625 775 1705 κεφαλή
814 1618 1063 1706 διεφθαρμένας

79 1715 148 1801 ἡμῶν
168 1728 346 1808 περιόδους
369 1725 550 1813 έξορθοῦν,
575 1726 630 1789 διά
653 1727 690 1791 τὸ
714 1727 984 1812 καταμανθάνειν
1006 1728 1064 1803 τὰς

79 1837 121 1891 τοῦ
134 1834 253 1909 παντὸς
272 1832 433 1917 ἁρμονίας
451 1830 505 1897 καί
524 1833 719 1918 περιφοράς,
743 1842 788 1920 τῷ
807 1832 1062 1920 κατανοουμένφ
1078 1855 1103 1895 15

79 1925 104 1995 δὲ
120 1940 150 2003 τὸ
172 1948 361 2004 κατανοοῦν
384 1937 580 2022 ἐξομοιῶσαι
602 1940 684 2003 κατὰ
706 1938 767 2020 τήν
786 1937 927 2022 ἀρχαίαν
948 1940 1063 2021 φύσιν,

79 2032 263 2119 ὁμοιώσαντα
282 2042 318 2108 δὲ
336 2044 429 2122 τέλος
447 2045 534 2129 ἔχειν
552 2053 613 2109 τοῦ
631 2041 853 2130 προτεθέντος
872 2045 1064 2129 ἀνθρώποις

79 2137 232 2216 ὑπόθεσιν
255 2150 392 2236 ἀρίστου
416 2153 493 2234 βίου
516 2154 599 2235 πρός
621 2173 657 2215 τε
679 2150 739 2214 τὸν
757 2151 905 2235 παρόντα
928 2146 1065 2215 καὶτὸν

80 2247 164 2322 ἔπειτα
189 2259 322 2343 χρόνον.
369 2257 410 2322 οὐ
437 2259 502 2340 γάρ
531 2257 571 2339 δή
600 2261 766 2322 λυσιτελεῖ
789 2257 826 2321 τὸ
850 2256 1064 2321 παντοδαπὸν

79 2356 177 2444 θηρίον
200 2366 311 2450 ὥσπερ
334 2365 396 2448 τήν
415 2364 597 2448 ἐπιθυμίαν
616 2363 824 2448 εὐτυχοῦντας
847 2374 955 2430 ποιεῖν
975 2366 1064 2449 ίσχυ-
1078 2387 1104 2426 20

80 2465 134 2550 λθ,
160 2466 240 2536 οὐδὲ
266 2471 326 2535 τὸν
353 2468 471 2536 λέοντα
499 2462 573 2536 οἷον
604 2471 663 2535 τὸν
695 2467 808 2555 θυμὸν
839 2469 961 2537 καὶιτά
990 2469 1065 2557 περὶ

80 2567 121 2633 τὸν
139 2577 254 2643 λέοντα
276 2574 413 2662 τρέφειν
437 2575 530 2656 ἀξιον
552 2574 608 2641 καὶ
637 2578 756 2661 ίσχυρά
783 2589 892 2643 ποιεῖν
915 2578 952 2642 ἐν
974 2578 1064 2660 ἡμῖν,

66 2673 122 2740 2th
145 2681 178 2749 δὲ
206 2685 389 2768 ἄνθρωπον
417 2685 527 2769 ὥσπερ
554 2686 614 2749 τὸν
645 2687 748 2767 λόγον
775 2690 984 2767 λιμοκτονεῖν
1010 2681 1065 2748 καὶ

81 2799 164 2852 7θιεῖν
186 2790 324 2874 ἀσθενῆ,
349 2790 393 2867 ὡς
415 2789 571 2855 ἕλκεσθαι
594 2790 657 2875 ὅπη
682 2789 723 2854 ἀν
747 2789 884 2855 ἐκείνων
903 2790 1065 2875 ὁπότερον

82 2881 139 2973 ἄλη,
163 2895 216 2961 καὶ
243 2893 348 2981 μηδὲν
371 2895 487 2981 ἕτερον
514 2895 614 2983 ἑτέρφ
643 2900 831 2976 συνεθίζειν
854 2893 938 2982 μηδὲ
962 2900 1063 2979 φίλον
1078 2915 1103 2955 τε

83 3009 175 3064 ποιεῖν·
200 3002 283 3094 ἀλλὰ
305 3005 390 3068 πολὺ
415 3007 541 3085 μᾶλλον
564 3004 623 3068 τὸν
647 3001 684 3068 ἐν
706 3001 787 3087 ἡμῖν
811 3009 908 3068 θεῖον
931 3005 1065 3087 ἀνθρω-

84 3114 130 3163 '⁶01¹
152 3118 209 3173 τοῦ
236 3108 471 3192 πολυκεφάλου
502 3106 693 3193 θρέμματος
725 3108 864 3193 ἐγκρατῆ
896 3106 1063 3191 ποιητέον,

85 3215 268 3248 κς..-

152 3304 188 3353 19.
206 3318 233 3369 p.
249 3273 340 3369 33‚'27
359 3289 432 3357 Plat.
451 3298 534 3354 civit.
548 3298 587 3352 1x
606 3317 652 3369 pp.
671 3299 886 3356 ιεεΕ-ιοιυ.

87 3389 268 3418 N*

154 3480 165 3527 l
179 3474 370 3547 φιλομάθειαν
379 3475 439 3530 PK:
455 3477 646 3546 φιλομαθείας
659 3477 672 3547 ή
683 3482 700 3533 8
711 3473 843 3543 ξυνοικδν
852 3472 903 3549 ήὲν
920 3472 1082 3546 αδεάμῖᾎή

88 3530 112 3582 12
125 3543 237 3617 ταίταις]
251 3547 317 3602 bine
334 3564 440 3603 novum
460 3550 548 3621 caput
566 3548 629 3622 (VI)
647 3549 680 3606 in
698 3547 761 3608 ΑΚ.
