2400 3930
398 166 673 225 PROTREPTICUS
692 170 727 238 (ο.
742 168 826 239 XXI).
1055 171 1119 236 119

98 327 288 412 ἀσωμάτων
311 327 411 416 οὐσίᾳ
428 335 467 413 τῇ
487 327 549 395 ούκ
567 332 658 397 έστιν
676 332 731 397 ὅτε
753 328 827 415 οὐχὶ
846 330 976 409 ἑαυτοῖς
994 332 1120 418 ὁμοίων

100 435 347 500 διατελούντων
367 436 422 500 διά
439 436 501 518 τὴν
521 435 774 522 ἐνυπάρχουσαν
793 437 907 515 αὐτοῖς
922 438 1024 523 φύσει
1043 439 1120 522 άλη-

79 547 203 628 ,θειαν
226 538 281 606 καὶ
305 541 541 607 άδιαπτωσίαν.

57 633 88 727 Ῐ,
198 649 243 713 ss)
271 645 309 713 δὲ
330 649 517 734 χελιδόνα
541 650 647 736 οίκίηι
669 651 718 733 μὴ
745 649 862 735 δέχου
885 652 1118 734 συμβουλεύει·

101 750 261 842 ῥᾴθυμον
280 752 393 839 καὶμὴ
409 755 569 840 διηνεκῶς
587 761 838 840 φιλοπονοῦντα
857 754 941 841 μηδὲ
960 758 1146 842 ἐπίμονον5

102 861 293 946 αίρετιστὴν
318 859 375 926 καὶ
401 863 572 948 γνώριμον
600 864 647 939 είς
673 865 714 928 τδι
738 865 781 928 σά
809 865 956 948 δόγματα
983 865 1027 948 μη
1052 863 1120 927 ἐπι-

102 965 221 1051 δέχου,
254 968 395 1052 δεόμενα
424 976 586 1052 συνεχοῦς
612 964 667 1033 καὶ
700 967 924 1051 εὐτονωτάτης
955 978 1121 1051 προσοχῆς

101 1072 160 1140 καὶ
183 1076 383 1160 φερεπονίας
406 1074 462 1139 διὰ
479 1076 541 1159 τὴν
560 1083 627 1139 τῶν
645 1073 683 1139 ἐν
702 1075 814 1151 αὐτοῖς
833 1075 994 1139 ποικίλων
1013 1081 1120 1156 μαθη-

61 1201 90 1241 K.
103 1180 219 1266 μάτων
245 1179 428 1264 ἐξαλλαγὴν
455 1179 511 1245 καὶ
537 1178 776 1266 περιπλέκειαν.
823 1181 927 1247 είκόνι
953 1175 990 1244 δὲ
1014 1177 1121 1266 ρᾳθυ-

103 1289 182 1371 μίας
203 1285 259 1351 καὶ
281 1285 423 1370 ἐγκοπῆς
444 1289 576 1372 χρόνων
595 1287 743 1371 χελιδόνι
761 1284 926 1373 κέχρηται,
950 1287 999 1352 ὅτι
1023 1285 1122 1371 μέρος
1136 1306 1161 1344 10

102 1417 136 1459 τι
158 1401 220 1459 τοῦ
243 1391 399 1458 ἐνιαυτοῦ
422 1392 505 1476 αὕτη
527 1392 682 1480 ἐπιφοιτᾷ
705 1393 784 1479 ἡμῖν
803 1392 860 1460 καὶ
879 1392 1002 1459 ὡσανεὶ
1020 1392 1121 1472 ἐπιξε-

103 1508 223 1566 νοῦται
249 1500 333 1584 πρὸς
360 1501 489 1584 βραχὺν
516 1501 649 1584 καιρόν,
677 1499 714 1564 τὸ
739 1496 776 1565 δὲ
803 1506 919 1567 πλείου
945 1500 1122 1584 ἀφίσταται

103 1603 159 1672 καὶ
183 1605 315 1690 ἀφανὴς
336 1603 417 1689 ἡμῖν
439 1603 587 1690 ὑπάρχει.

56 1719 90 1793 ιβ
199 1713 244 1776 Τὸ
269 1707 307 1776 δὲ
330 1711 545 1776 δακτύλιον
567 1711 616 1796 μὴ
636 1713 752 1797 φόρει
770 1710 965 1787 ἀκολούθως
985 1712 1031 1798 τῷ
1051 1716 1122 1775 Πυ-

105 1815 278 1906 θαγορικῷ
303 1815 477 1902 ἀρέσκοντι
504 1815 642 1902 ἕλκομεν
671 1819 718 1894 είς
745 1818 806 1901 τὴν
834 1817 1052 1900 παράκλησιν
1066 1816 1120 1881 ού-
1137 1835 1162 1874 15

104 1945 182 2001 τως·
216 1921 286 1990 ἐπεὶ
314 1926 439 2009 δεσμοῦ
465 1926 576 2010 τρόπφ
605 1925 784 2009 περίκειται
812 1933 882 1998 τοῖς
910 1929 1076 2007 φοροῦσιν
1105 1922 1122 1987 ὁ

106 2031 297 2114 δακτύλιος,
327 2031 416 2095 ίδιον
444 2032 528 2114 ἔχων
553 2031 591 2096 τὸ
618 2030 663 2115 μὴ
692 2031 805 2114 ἄγχειν
834 2025 918 2113 μηδὲ
947 2038 1124 2112 κακουχεῖν

61 2134 72 2149 ”
105 2136 190 2203 άλλά
217 2159 287 2215 πως
314 2136 468 2222 ἁρμόζειν
500 2134 555 2200 καὶ
582 2145 765 2222 προσφυῶς
779 2136 899 2219 ’ἕχειν,
933 2135 1054 2218 δεσμὸς
1087 2131 1124 2199 δὲ

104 2247 258 2321 τοιοῦτός
285 2266 334 2320 τις
361 2241 417 2308 καὶ
443 2244 480 2307 τὸ
509 2253 603 2326 σῶμα
630 2251 670 2327 τῇ
698 2249 788 2327 ψυχῇ
811 2241 965 2327 ὑπάρχει,
994 2242 1031 2305 τὸ
1062 2235 1124 2305 οὖν

107 2350 322 2448 δακτύληον
350 2351 399 2433 μὴ
429 2351 546 2434 φόρει
578 2350 757 2432 φιλοσόφει
786 2345 891 2432 φησίν
919 2347 963 2425 ὡς
991 2347 1125 2431 άληθῶς
1140 2365 1165 2404 20

55 2475 94 2517 ιι.
106 2456 162 2524 καὶ
180 2457 297 2542 χώριζε
315 2465 376 2521 τοῦ
394 2454 624 2541 περικειμένου
644 2456 769 2539 δεσμοῦ
785 2455 846 2538 τὴν
865 2457 989 2540 ψυχήν·
1009 2451 1126 2539 μελέτη

107 2556 171 2648 γάρ
184 2562 338 2628 θανάτου
356 2559 411 2626 καὶ
430 2562 596 2647 χωρισμὸς
614 2570 721 2645 ψυχῆς
740 2560 804 2625 άπὸ
824 2561 974 2643 σώματος
991 2558 1012 2641 ἡ
1032 2563 1126 2643 φιλο-

110 2672 221 2756 σοφία.
267 2669 328 2752 τὴν
347 2669 418 2752 άρα.
430 2669 674 2752 Πυθαγορικὴν
698 2665 810 2750 μέτιθι
836 2667 966 2748 σπουδῇ
990 2664 1126 2748 μεγάλη,

110 2778 169 2860 τὴν
202 2774 390 2859 άφιστάσαν
422 2773 544 2857 ἑαυτὴν
573 2775 629 2838 διδ
655 2781 716 2837 τοῦ
743 2779 807 2836 νοῦ
835 2769 899 2835 άπὸ
929 2780 1126 2853 σωματικῶν

112 2882 245 2947 πάντων
267 2878 420 2965 καὶπερὶ
443 2882 484 2944 τά
507 2880 611 2963 νοητά
634 2877 688 2945 καὶ
717 2878 802 2942 άυλα
826 2877 881 2941 διά
904 2885 971 2939 τῶν
997 2882 1126 2962 θεωρη-
1141 2893 1166 2934 25

113 3000 211 3054 νικῶν
239 2976 446 3072 μαθημάτων
472 2983 771 3071 καταγιγνομένην·
804 2982 887 3049 άλλδι
917 2979 972 3046 καὶ
1003 2981 1128 3046 άπόλυε

115 3101 238 3159 σαυτοῦ
265 3093 305 3157 τά
332 3092 546 3176 ἁμαρτήματα
573 3088 629 3156 καὶ
657 3089 808 3155 άνθολκδι
835 3086 890 3153 καὶ
921 3089 1128 3173 κωλυσιεργδι

56 3208 172 3265 θΚτοῦ
199 3204 400 3284 φιλοσοφεῖν
428 3197 550 3282 σαρκὸς
578 3195 789 3280 άσχολήματα
816 3193 943 3281 τροφάς
968 3217 1002 3258 τε
1029 3193 1128 3277 ὑπερ-

117 3306 301 3388 βαλλούσας
323 3301 378 3369 καὶ
400 3304 582 3388 πληθώρας
605 3301 774 3387 ἀκαίρους,
799 3302 923 3385 δεσμοῦ
946 3302 1071 3386 τρόπον
1092 3303 1128 3364 τὸ

197 3539 211 3585 1
231 3533 267 3600 τῇ
284 3530 385 3605 <τιδν>
404 3527 458 3588 ούκ
478 3532 505 3588 Κ
518 3534 529 3606 ΙΙ
543 3538 577 3590 27
599 3525 768 3590 άνθουλκδι.
