2400 3930
15 216 17 220 ,
125 169 166 234 18
486 191 490 198 ·
535 151 736 224 ιεαοοιοοι

123 330 275 416 ὑπερέχει
308 334 410 415 λόγον
441 330 497 398 καὶ
530 333 680 407 διανοίας
709 329 765 397 καὶ
796 341 869 407 ταῖς
901 325 1084 413 ἁπλουστέρι

124 430 252 502 τούτων
281 437 504 524 έπιβίητιιιαίς
530 438 667 519 νοήσεσι
694 427 734 501 τά
762 437 841 501 ὄντα
870 443 1008 521 θεωρεῖ,
1034 434 1066 499 τά

125 543 237 628 ἀγαθὰ
264 546 370 630 κρίνει
398 543 456 628 ἀφ’
484 541 602 626 ἑαυτῆς
624 540 679 607 καί
702 542 844 608 ἐπιτελεῖ
865 543 902 608 ἐν
927 542 1039 626 ἑαυτῇ,
1064 564 1084 604 τι

125 675 160 716 τε
184 661 315 735 νοητῶν
339 649 429 714 ἐστιν
448 651 524 727 ὄψις
546 647 601 714 καὶ
625 649 767 733 δύναμις
789 659 856 713 τῶν
878 649 1084 713 θειοτάτωνι

99 757 339 822 ιτελειοτάτων
372 755 548 837 ἐνεργειῶν
580 755 731 840 ὑπάρχει·
769 763 867 820 τοῦτο
901 749 933 818 δ’
969 750 1025 838 αὖ,
1057 756 1083 819 εί

125 864 218 945 ἥλιος
241 862 448 946 ὀφθαλμός
471 861 554 927 ένπι
576 860 640 927 καὶ
663 862 766 946 ψυχά
788 872 865 926 τῶν
888 862 1012 945 φύσιν
1031 861 1084 945 έχί

125 966 217 1034 τιον·κ
239 970 381 1056 ὁρήταί
400 991 439 1034 τε
462 970 534 1053 γάρ
559 964 608 1032 δι’
635 969 737 1033 αὐτῶ
765 969 890 1033 πάντα
913 967 978 1033 καὶ
1001 990 1084 1050 γενι

126 1100 188 1142 ται
211 1075 274 1142 καὶ
297 1086 451 1160 νοῆται,
483 1073 702 1160 ῥιζωθέντα
729 1072 794 1139 καὶ
821 1072 1069 1157 γενναθέντα

126 1183 318 1266 τράφεταί
346 1205 385 1246 τε
417 1179 669 1260 καί·άέξεται
701 1180 764 1247 καί
802 1185 1026 1264 ζωπυρήται
1060 1204 1082 1263 μ

88 1306 113 1346 10
128 1287 352 1363 αίσθάσιος·
377 1287 479 1370 δῆλόν
502 1272 568 1352 που
590 1284 645 1350 καί
674 1286 737 1352 άπὸ
765 1288 894 1353 τούτων
922 1290 1068 1370 γίγνεται

127 1392 303 1476 ὀφθαλμός
327 1391 472 1458 ἐστικαὶ
497 1392 559 1475 ζωὴ
588 1402 655 1456 τῶν
677 1393 848 1478 νοερῶνή
878 1394 999 1476 σοφία,
1027 1389 1079 1457 καὶ

127 1499 272 1582 ὁρᾶσθαι
303 1508 373 1574 τοῖς
404 1496 603 1582 νοονμένοις
635 1496 768 1584 παρέχει
798 1508 878 1564 πᾶσι
905 1497 960 1563 καὶ
990 1500 1027 1580 τὸ
1056 1492 1084 1562 εί

126 1616 196 1681 τοῖς
219 1599 310 1686 οὖσι,
341 1605 558 1688 δημιουργίας
579 1626 614 1670 τε
638 1605 745 1688 πάσης
768 1605 911 1690 ἀρχηγὸς
933 1607 1080 1688 γίγνεται

127 1711 172 1796 τῷ
195 1712 308 1797 κόσμῳ
331 1707 387 1775 καὶ
410 1711 596 1793 γεννήσεως
618 1720 675 1795 τῆς
697 1712 829 1795 πρώτης
851 1708 907 1775 καί
928 1711 1064 1794 τάξεως,

90 1835 115 1876 15
130 1817 171 1900 δή
203 1813 259 1881 καὶ
291 1815 327 1882 έν
354 1816 435 1900 ’ἡμίν
463 1817 628 1894 ὡσαύτως.
674 1818 736 1900 τήν
767 1818 809 1901 δή
840 1817 999 1899 τοιαύτην
1026 1841 1061 1882 τε

126 1923 293 2010 τοσαήτην
322 1925 432 1988 αἰτίαν
459 1922 515 1989 καὶ
543 1933 687 1989 τοσαῦτα
714 1923 825 2006 ἀγαθά
854 1922 1066 2008 παρέχουσαν

128 2030 190 2096 οὐκ
210 2029 252 2096 άν
270 2032 351 2116 ’μετὰ
374 2032 517 2116 μεγάλης
540 2033 689 2115 σπουδῆς
712 2030 870 2114 μεταθέοι
888 2029 931 2095 άν
949 2031 1084 2116 προθύμ

127 2137 332 2222 βουλόμενος
364 2147 420 2221 τῆς
452 2137 587 2224 ἀρίστης
617 2137 832 2222 εὐδαιμονίας
861 2137 1084 2221 μεταλαμβάνι

212 2239 257 2305 Ἡ
281 2240 342 2326 μὲν
377 2238 440 2306 οὖν
472 2243 535 2307 άπὸ
567 2252 629 2308 τοῦ
649 2246 773 2327 ,τίμιον
804 2239 891 2309 εἶναι
924 2244 986 2326 τήν
1019 2251 1084 2327 σοφ

89 2368 115 2406 20
129 2355 292 2431 προϊοῦσα
308 2349 354 2423 είς
371 2349 563 2431 προτροπὴν
582 2350 705 2433 ἔφοδός
723 2349 791 2415 ἐστι
810 2350 958 2433 τοιαύτη,
978 2350 999 2433 ἡ
1023 2334 1061 2415 δὲ
1079 2377 1084 2414 ι

129 2460 190 2515 τοῦ
209 2453 314 2528 ὄντος
332 2452 516 2539 ἀνθρώπου
534 2452 832 2541 ὑπομιμνήσκουσα
853 2464 911 2539 τῆς
930 2453 984 2520 ἐπὶ
1001 2457 1042 2520 τά
1060 2479 1084 2519 α·

93 2566 94 2569 ’
131 2567 320 2644 προτροπῆς
343 2559 399 2623 διά
421 2558 584 2644 τῶνὲξης
607 2561 830 2627 ἐπιδείκνυται
852 2572 919 2626 τῶν
940 2561 1028 2626 οὕτω
1052 2567 1084 2627 λε

129 2663 256 2750 μένων·
294 2664 524 2750 είίνθροιπος
560 2667 717 2733 πάντων
754 2664 861 2757 ζῴων
898 2665 959 2732 ἐπὶ
996 2673 1084 2734 πολί

129 2771 269 2854 γέγονε
297 2773 540 2858 σοφώτατος·
571 2778 776 2859 θεωρῆσαί
804 2797 845 2839 τε
873 2775 946 2858 γὰρ
975 2775 1084 2839 ὃνναι

95 2877 217 2943 ιῡέντι
252 2879 297 2942 τὰ
334 2878 449 2945 έόντα
484 2878 549 2945 καί
587 2881 802 2965 ἐπιστάμαν
838 2879 903 2946 καί
941 2883 1084 2966 φρόναι

129 2979 248 3068 ίαβὲν
285 2984 416 3049 αὐτῶν
452 2986 644 3052 ἁπάντων.
695 2989 795 3071 παρὸ
831 2985 896 3052 καὶ
933 2986 1084 3073 ένεχάρι

130 3088 208 3172 [καὶ
227 3090 510 3176 ἐπεσημήνατο]
535 3095 578 3158 τὸ
598 3100 715 3159 θεῖον
739 3093 840 3182 αὐτῷ
864 3095 905 3158 τὸ
929 3105 979 3159 τῶ
999 3116 1084 3159 πανι

129 3200 230 3280 λόγω
267 3199 458 3283 σύσταμα,
496 3197 538 3264 έν
570 3190 596 3287 ᾧ
632 3200 678 3263 τά
713 3224 752 3264 τε
788 3202 895 3264 εἴδεα
932 3202 1057 3267 πάντα

219 3395 233 3442 7
258 3390 393 3456 γεννᾶται
414 3392 424 3460 ΙΙ
447 3396 463 3445 9
487 3410 517 3445 τε
541 3393 607 3461 post
629 3389 767 3460 τράφεται
789 3390 900 3460 traie0i3
928 3394 972 3447 est
995 3393 1024 3447 in
1048 3408 1084 3446 οοι

118 3461 191 3525 post
207 3455 324 3525 α’έξεται
341 3462 353 3531 ή
371 3464 405 3514 25
426 3457 484 3516 ἐντι
502 3462 541 3516 K:
561 3459 619 3517 ἐστι
631 3463 689 3532 W
709 3461 793 3534 λαβέν
813 3463 881 3518 Gale
900 3481 927 3532 ρ.
944 3469 1010 3519 733:
1028 3459 1084 3536 asia

109 3534 150 3606 27
165 3530 218 3585 καί
236 3528 449 3608 ἐπεσημήνατο
469 3533 580 3590 delevit
596 3531 710 3618 Vitem.
733 3593 735 3598 ,
