2400 3930
369 172 643 229 PROTREPTlcUs
662 176 697 244 (ι.
712 172 758 241 v).
913 218 916 224 .
1026 175 1069 238 29

66 335 139 400 ὅθεν
173 337 208 400 ολ
243 332 350 419 ίατρολ
388 334 448 420 οὐχ
486 333 624 426 ἑαυτοὺς
659 337 883 435 γιγνώσκουσι
919 339 1070 402 καθόσον

66 442 175 528 ἰατροί,
200 438 281 507 οὐδὲ
300 442 336 506 oc
353 442 565 527 παιδοτρίβαι
583 444 735 506 καθόσον
758 444 977 526 παιδοτρίβαι.
1014 440 1070 507 καὶ

70 546 132 612 όσοι
165 546 201 612 δὲ
234 546 433 633 πορρωτέρω
466 557 533 611 τῶν
566 530 694 612 έαύτῶυ
726 548 766 612 τά
797 545 873 633 περὶ
905 550 942 613 τὸ
976 559 1070 632 σῶμα

74 655 313 736 γιγνώσκουσιν,
345 645 395 730 οἷς
416 662 515 719 τοῦτο
539 654 775 739 θεραπεύεται,
805 654 849 730 ὡς
873 655 907 719 ολ
927 653 1069 739 γεωργοὶ

66 758 171 828 καλοί
191 762 288 826 ἀλλοι
314 761 527 844 δημιουργοί,
557 765 683 826 πολλοῦ
706 761 748 844 δη
773 761 908 826 δέουσιν
932 760 1096 838 ἑαυτοὺς-5

80 869 270 948 γηνῶσκειν·
301 862 380 931 ούδὲ
406 867 470 951 γάρ
498 867 538 930 τά
568 865 695 932 ἑαυτῶν
719 861 813 932 οὗτοι
836 868 1069 951 γιγνώσκουσι.
1187 899 1189 903 ·

82 971 121 1036 διὰ
138 983 238 1039 ταῦτα
262 974 304 1056 δη
327 971 382 1038 καὶ
406 974 570 1056 βάναυσοι
594 969 698 1060 αὗται
714 974 752 1038 αί
775 973 887 1058 τέχναι
911 975 1070 1038 δοκοῦσιν
1137 990 1139 994 ’

82 1071 153 1146 εἶναι,
193 1082 280 1164 μόνη
300 1074 337 1144 δὲ
355 1080 559 1165 σωφροσύνη
578 1076 670 1144 ἐστὶν
688 1078 709 1161 ἡ
728 1088 785 1162 τῆς
807 1088 914 1162 ψυχῆς
936 1091 1069 1162 γνῶσις,

81 1180 120 1246 καὶ
138 1194 180 1273 τῷ
204 1188 279 1252 όντι
301 1184 441 1270 ἡμετέρα
465 1185 564 1271 ἀρετὴ
589 1188 675 1269 μόνη
699 1184 807 1268 ἐκείνη
827 1184 976 1270 ὑπάρχει,
1000 1186 1071 1269 ἥτις

81 1273 126 1370 τὴν
143 1293 252 1377 ψυχὴν
276 1294 429 1376 βελτίονα
449 1290 670 1378 ἀπεργάζεται.
708 1293 829 1375 ταύτης
848 1293 912 1378 ἀρα
931 1293 1071 1376 μάλιστα
1086 1311 1111 1350 10

82 1389 304 1464 ἀντιποιεῖσθαι
327 1396 421 1476 ἀξιον
444 1400 523 1473 τοὺς
546 1397 774 1482 βουλομένους
794 1397 1071 1483 ὁμολογουμένως

83 1599 196 1689 ἕανιοὺς
210 1611 453 1696 ἀπεργάζεσθαι
470 1608 666 1702 καλοὺςέκαλ
685 1611 845 1694 ἀγαθούς,
864 1608 979 1698 καὶτῷ
999 1612 1069 1677 όντι

83 1703 184 1782 ἕουιῶν
207 1716 437 1800 ἐπιμελεῖσθαι
459 1715 754 1802 προαιρουμένους.

152 1828 216 1911 Τῆς
239 1819 277 1888 δέ
300 1822 401 1906 αὐτῆς
423 1825 530 1907 ἔχεται
552 1823 686 1907 γνώμης
712 1821 768 1888 καλ
789 1832 904 1888 ταῦτα·
921 1825 980 1900 εὼς
1002 1835 1070 1888 τῶν
1087 1844 1111 1883 15
1160 1818 1163 1825 ’

83 1919 225 2015 ἡμετέρων
243 1929 417 2013 κτημάτων
431 1931 512 2013 μετά
529 1931 632 2005 θεοὺς
650 1930 739 2012 ψυχὴ
757 1931 933 1995 θειότατον
953 1932 1071 1996 οἰκειό-

83 2037 158 2100 τατόν
178 2034 217 2102 τέ
238 2035 322 2118 ἐστι,
350 2036 400 2110 τάΙ
413 2031 445 2099 δ’
471 2033 613 2119 ἡμέτερα
642 2035 734 2099 διττά
757 2036 864 2099 πάντα
888 2033 956 2100 ἐστὶ
980 2045 1069 2117 πᾶσι,

83 2134 111 2197 τί
131 2139 185 2224 μὲν
211 2144 347 2226 κρείττω
375 2138 430 2205 καὶ
457 2140 581 2225 ἀμείνω
612 2142 825 2223 δεσπόζοντα,
856 2141 896 2205 τά
925 2128 961 2206 δὲ
984 2142 1069 2224 ἥττω

83 2239 122 2306 καὶ
145 2252 241 2338 χείρω
275 2249 388 2313 δοῦλα.
442 2248 482 2312 τά
499 2247 721 2327 δεσπόζοντα
756 2243 819 2313 οὖν
850 2247 1070 2334 προτιμητέον

83 2357 131 2414 τῶν
151 2343 393 2420 δουλευόντων(
434 2354 539 2431 οὕτως
563 2349 625 2418 οὖν
647 2356 709 2438 τὴν
731 2357 842 2439 ψυχὴν
865 2357 946 2441 μετὰ
968 2358 1070 2432 θεοὺς
1084 2376 1111 2414 20

82 2463 131 2520 τόν
155 2462 264 2526 ἀλλων
291 2459 510 2545 προτιμητέον
538 2461 684 2525 πάντων·
715 2469 793 2549 τιμᾷ
822 2458 859 2526 δέ
883 2461 1072 2547 αύτὴνούχ

84 2555 237 2652 ὅχείρονα
261 2567 296 2632 ἐκ
319 2569 490 2648 βελτίονος
512 2565 789 2653 ἀπεργαζόμενος,
821 2562 894 2633 οὐδ’
921 2567 939 2633 6
962 2580 1073 2633 κακῶν

82 2667 120 2733 καλ
139 2675 348 2757 μεταμελείας
371 2671 531 2757 ἐμπιπλὰς
551 2673 666 2757 αὐτην,
694 2673 767 2739 οὐδ’
795 2673 813 2739 6
837 2675 972 2758 φεύγων
994 2676 1073 2750 τοὺς

82 2770 322 2864 ἐπαινουμένους
344 2782 469 2855 πόνους
495 2776 551 2843 καὶ
564 2781 703 2863 ,φόβους
724 2778 780 2845 καὶ
808 2778 996 2863 ἀλγηδόνας
1017 2777 1072 2844 καὶ

79 2883 166 2963 λύπας
185 2884 319 2974 (ἀτιμον
336 2887 401 2969 γὰρ
416 2886 520 2969 αὐτὴν
535 2884 748 2971 ἀπεργάζεται
768 2883 976 2972 ότοιοῦτος),
997 2883 1069 2952 οὐδ’
1088 2904 1113 2944 25

77 2987 240 3076 όφεύγων
263 2993 322 3057 τὸν
345 2992 497 3058 θάνατον
520 2989 596 3078 (τὴν
623 2992 686 3076 γὰρ
714 2987 813 3056 λύσιν
840 2994 902 3077 την
925 2992 1074 3085 ἀπὸτοῦ

73 3099 213 3184 σώματος
225 3096 281 3164 καὶ
298 3108 356 3183 της
369 3109 478 3184 ψυχῆς
490 3100 551 3183 τὴν
565 3092 647 3165 καθ’
664 3096 785 3183 έαυτην
801 3100 885 3183 ζωὴν
901 3099 1074 3182 δυσχεραί-

69 3228 152 3272 νοιτο
186 3205 229 3272 ἀν
260 3205 278 3271 6
306 3190 486 3292 τοιοῦτος),
521 3201 594 3270 οὐδ’
627 3204 644 3269 6
672 3206 735 3290 πρὸ
761 3201 877 3291 ἀρετῆς
903 3215 1074 3289 προτιμῶν
1140 3288 1143 3292 ’

148 3385 191 3435 15.
212 3397 240 3449 p.
256 3384 300 3447 30,
314 3386 330 3435 2
351 3380 420 3436 Plat.
440 3380 525 3450 Legg.
541 3379 566 3434 V
584 3397 631 3449 pp.
647 3384 787 3435 726-728
798 3381 830 3432 A.

66 3491 275 3502 ....-———--—

138 3545 166 3614 13
185 3535 232 3608 δέ]
242 3557 277 3606 γε
288 3537 319 3592 K
328 3539 425 3596 ιιεεοίο
441 3539 529 3598 unde:
549 3539 585 3600 cf.
600 3541 676 3599 plat.
694 3540 757 3599 Δὶο.
767 3539 788 3595 ἱ
799 3559 831 3612 ρ.
845 3545 904 3596 m
917 3538 1016 3606 hm
1029 3521 1104 3587 ιάῶ.
