2400 3930
144 118 208 183 110
555 113 744 170 IAMBLIGHI

142 285 245 364 βολον
279 279 553 364 διαπράττεσθαι,
587 277 670 343 ἀλλὰ
701 274 756 342 καὶ
790 273 843 342 ἐπὶ
870 287 940 341 τῶν
968 285 1023 361 τῆς
1046 279 1124 358 ψυχῆς
1185 288 1190 327 2

142 388 329 470 ἐνεργειῶν,
353 385 397 462 ὡς
420 388 500 470 μήτε
519 385 584 450 ὑπὸ
602 391 725 450 παθῶν
743 383 846 460 αὐτάς
863 381 1054 467 κατέχεσθαι
1070 380 1127 465 μήτε
1185 394 1190 431 ‘³

141 494 206 559 ὑπὸ
233 501 292 576 τῆς
319 501 380 558 τοῦ
406 493 557 575 σώματος
584 490 760 566 ἀσθενείας
788 492 868 573 μήτε
896 489 961 555 ὑπὸ
991 499 1044 574 τῆς
1062 506 1130 568 περι·
1187 501 1190 531 ⁷

142 602 327 684 πεφυκυίας
355 596 481 675 ἔξωθεν
508 598 589 682 ἡμῖν
623 595 796 681 γενέσεως,
830 595 953 661 εόλυτα
986 594 1022 661 δέ
1049 594 1131 660 πάντα
1188 608 1190 615 ⁴

116 709 229 789 οέχειν
252 702 306 769 καί
330 703 444 789 ἕτοιμα
467 706 550 789 πρὸς
573 705 635 789 τὴν
659 704 837 789 μετουσίαν
860 713 930 767 τῶν
952 708 1051 769 θεῶν.

230 808 297 875 Καί
321 810 401 875 άλλο
426 808 466 874 δέ
486 832 517 874 τι
540 813 672 888 τούτοις
700 810 817 894 ὅμοιον
842 809 889 884 είς
912 809 975 890 τὴν
999 808 1092 889 αὐτόν
1109 820 1132 862 τέ

87 922 128 978 ιε’
144 918 265 1003 ἀρετὴν
291 916 479 1003 προτρέπον
507 915 576 983 ἐστὶ
603 919 641 983 τὸ
668 925 823 982 τοιοῦτον
854 916 1039 999 σύμβολον·
1068 900 1133 991 περὶ

141 1031 246 1090 θεῶν
283 1021 405 1109 μηδὲν
445 1025 679 1108 θαυμαστὸν
721 1021 891 1103 ἀπίστει,
934 1019 1032 1105 μηδὲ
1068 1007 1133 1097 περὶ

141 1134 264 1195 θείων
283 1131 499 1214 δογμάτων.
540 1131 660 1206 ίκανῶς
679 1130 742 1215 γάρ
760 1129 798 1192 τὸ
818 1129 927 1212 δόγμα
945 1137 1045 1193 τοῦτο
1063 1125 1134 1209 σεβί-

102 1253 127 1292 10
142 1237 255 1299 στικὸν
284 1234 425 1319 ὑπάρχει
447 1234 502 1300 καὶ
532 1236 735 1320 ἐμφαντικὸν
762 1244 820 1319 τῆς
847 1245 915 1299 τῶν
939 1240 1034 1300 θεῶν
1060 1234 1136 1312 ὑπερ-
1188 1238 1190 1271 ἕ

141 1349 233 1424 οχῆς,
264 1339 440 1424 έφοδιάζον
464 1339 626 1425 ἡμᾶςκαὶ
650 1341 903 1426 ὑπομιμνησκον
927 1341 979 1406 ὅτι
1008 1341 1068 1406 οὐκ
1093 1334 1137 1404 ἀπὸ
1184 1318 1190 1387 ἐ

140 1456 198 1530 τῆς
220 1446 315 1532 ἡμῶν
334 1447 444 1512 αὐτῶν
464 1449 667 1532 συγκρίσεως
684 1449 747 1532 χρὴ
768 1450 1007 1533 τεκμαίρεσθαι
1025 1445 1079 1513 καὶ
1096 1441 1190 1527 τηνιυλ

140 1558 240 1620 θείαν
264 1555 424 1639 δύναμιν,
453 1551 524 1620 ἀλλ’
551 1554 631 1638 ἡμῖν
658 1549 720 1637 μὲν
748 1555 803 1619 άτε
833 1564 1034 1638 σωματικοῖς
1056 1552 1143 1636 ὑπάρ-

141 1678 237 1746 χουσι
261 1671 411 1748 γενητοῖς
433 1683 468 1726 τε
491 1657 546 1724 καλ
570 1666 736 1745 φθαρτοῖς
754 1658 809 1723 καὶ
827 1660 1056 1746 προσκαίροις,
1079 1659 1144 1724 ὑπο-

101 1787 127 1826 15
141 1767 304 1854 κειμένοις
326 1791 361 1833 τε
385 1770 497 1833 νόσων
519 1770 666 1854 ποικιλίᾳ
693 1764 748 1831 καλ
775 1768 878 1850 ὄγκου
906 1768 1080 1852 μικρότητι
1102 1760 1146 1830 καὶ

141 1886 197 1959 τῆς
221 1874 273 1941 ἐπὶ
296 1877 333 1940 τὸ
357 1873 459 1959 μέσον
482 1883 589 1960 φοράς
610 1882 650 1958 τη
678 1875 816 1958 βαρήσει
842 1871 897 1937 καὶ
925 1872 1082 1961 ὑπνωδίᾳ
1103 1868 1190 1936 natm

141 1982 252 2069 ἐνδείᾳ
283 1979 338 2046 καὶ
369 1981 566 2068 πλεονασμῷ
600 1980 741 2067 ἀβουλίᾳ
767 2003 802 2044 τε
829 1978 885 2044 καὶ
914 1978 1077 2066 ἀσθενείᾳ
1105 1975 1151 2044 καὶ

140 2097 247 2172 ψυχῆς
274 2089 515 2174 παραποδισμᾳῖ
543 2084 598 2152 καὶ
630 2097 699 2163 τοῖς
730 2087 857 2169 ἀλλοις,
892 2086 979 2162 εἰκὸς
1008 2085 1152 2171 ἀμήχανά

140 2218 215 2257 τινα
237 2191 292 2257 καλ
316 2193 464 2258 ἀδύνατα
486 2192 656 2278 ὑπάρχειν.
701 2195 808 2257 καίτοι
829 2193 936 2256 πολλοὶ
959 2193 1049 2258 οὕτω
1072 2193 1153 2276 παρά

101 2317 127 2354 ιο
141 2307 198 2379 της
226 2298 358 2381 φάσεως
386 2301 504 2380 ἔχομεν
532 2297 695 2383 ἐξαίρετα,
730 2297 800 2364 ἀλλ’
833 2298 921 2382 ὅμως
951 2299 1061 2385 πάντη
1094 2310 1153 2364 τῶν

139 2409 231 2466 θεῶν
251 2401 512 2485 ἀπολειπόμεθα,
534 2401 590 2466 καὶ
612 2404 688 2468 οὔτε
708 2406 852 2490 δύναμιν
870 2406 932 2486 την
951 2404 1060 2488 αὐτὴν
1084 2405 1154 2472 οὔτε

140 2507 260 2594 ἀρετὴν
289 2513 365 2592 ῖσηυ
392 2510 474 2593 πρὸς
502 2508 624 2585 αὐτοὺς
648 2512 775 2595 ἐχομεν.
821 2521 947 2595 γνῶσιν
976 2507 1040 2576 οὖν
1068 2519 1154 2579 θεῖον

141 2618 367 2702 διαφερόντως
394 2624 492 2681 τοῦτο
521 2617 715 2699 εἰσηγεῖται,
749 2618 793 2694 ὡς
824 2617 931 2682 πάντα
959 2618 1154 2703 δυναμένων

140 2725 260 2790 αὐτῶν.
306 2725 361 2788 διά
384 2731 482 2789 τοῦτο
506 2722 547 2806 δὴ
573 2717 635 2788 οὖν
664 2721 739 2809 περὶ
762 2729 854 2789 θεῶν
878 2719 984 2808 μηδὲν
1008 2723 1154 2790 άπιστεῖν

99 2847 125 2888 25
139 2830 367 2915 παραγγέλλει.
411 2832 602 2916 πρόσκειται
627 2825 664 2894 δέ
687 2826 784 2914 μηδὲ
807 2827 896 2916 περὶ
918 2832 1043 2911 θείων
1071 2833 1154 2914 δογ-

138 2937 283 3021 μάτων,
317 2946 384 3001 τῶυ
411 2945 451 3021 τῇ
479 2941 702 3021 Πυθαγορικῇ
732 2938 916 3022 φιλοσοφίᾳ
949 2937 1154 3003 δοκούντων·

137 3054 240 3110 ταῦτα
267 3045 331 3129 γὰρ
359 3042 423 3107 ὑπὸ
453 3043 660 3127 μαθημάτων
688 3040 743 3107 καὶ
772 3042 990 3128 ἐπιστήμονος
1012 3046 1155 3129 θεωρίας

138 3149 368 3234 ἠσφαλισμένα
405 3147 515 3232 ἀληθῆ
552 3146 608 3213 καὶ
646 3148 851 3226 ἀδιάφευστα
888 3151 974 3233 μόνα
1006 3149 1154 3236 ὑπάρχει,

138 3273 286 3284 ι--κ
291 3277 325 3283 ..-

212 3347 227 3393 6
246 3340 365 3394 ῖοεῖεεεε
380 3337 497 3402 τούτους
511 3335 589 3422 (ff)
602 3343 611 3411 ΙΙ
626 3347 641 3396 ’ῖ
662 3336 716 3412 κε’]
736 3341 777 3395 ita
792 3340 887 3397 codex.
921 3341 955 3396 οῖ.
969 3339 1046 3397 infra
1059 3360 1086 3413 p.
1099 3347 1155 3406 111,

136 3413 222 3479 4ερᾳ,
235 3413 250 3479 γ
262 3416 298 3464 10
317 3406 508 3484 ἐμφαντικὸν]
528 3427 569 3467 ειο
587 3414 656 3483 (non
675 3406 869 3481 ἐμφαντικὸν),
891 3412 926 3468 cf.
945 3411 1004 3467 vit.
1024 3413 1109 3483 Pyth.
1123 3417 1154 3467 67

121 3483 159 3549 (p.
179 3487 221 3551 48,
240 3481 340 3554 2Νλτ.)
352 3485 365 3554 ΙΙ
379 3489 415 3539 14
433 3489 595 3555 γεννητοῖς.
