2400 3930
138 143 181 209 90
546 139 737 196 Ιιαωιεοεε

136 305 221 387 σύνη
244 302 403 388 παρέσται
430 301 486 368 καί
514 303 717 387 σωφροσύνη
746 311 790 389 τῷ
823 305 974 392 μακαρίφ
998 303 1090 389 μέλλε

136 414 287 493 ἔσεσθαι,
321 410 407 475 οὕτω
435 409 607 493 πράττειν,
640 409 703 475 οὐκ
730 408 911 494 ἐπιθυμίας
943 409 1049 475 ἐῶντα
1075 411 1090 477 ἀ

135 512 385 594 λάστουςείναι
408 513 588 581 καὶταῦτα
616 515 848 600 ἐπιχειροῦντα
874 520 1042 601 πληροῦν,
1072 516 1090 581 ἀ

135 647 239 690 νυτον
260 625 374 704 κακόν,
398 628 523 708 ληστοῦ
547 625 623 706 βίον
647 626 760 701 ζῶντα.
806 621 885 687 οὔτε
907 624 973 708 νάρ
997 621 1038 688 ἀν
1060 624 1090 687 ἀλ

107 728 305 817 τάνθρώπῳ
328 731 518 814 προσφιλὴς
541 735 591 813 εἴη
611 729 629 795 ὁ
648 737 801 805 τοιοῦτος
824 728 901 794 οὔτε
923 735 1010 817 θεῷ·
1032 752 1090 794 κοα

134 847 207 901 νεῖν
229 837 294 920 μάρ
319 833 495 910 ἀδύνατος·
524 834 590 922 ὅτφ
617 835 682 919 γάρ
707 833 750 918 μη
775 835 826 898 ένι
848 836 1025 916 κοινωνία,
1052 858 1090 916 φι

135 942 197 1008 οὐκ
224 941 267 1008 ἀν
294 947 355 1024 εἴη.
400 938 484 1024 φασὶ
510 938 547 1005 δὲ
570 941 606 1005 oc
625 937 728 1025 σοφοί
756 937 812 1005 καὶ
835 939 984 1025 οὐρανὸν
1010 937 1090 1022 κοίη

133 1047 189 1115 καί
219 1051 324 1125 θεοὺς
359 1045 414 1112 καί
451 1047 653 1132 ἀνθρώπους
688 1048 749 1132 την
780 1049 965 1112 κοινωνίαν
997 1045 1090 1129 συνέχ.

134 1152 189 1220 καὶ
212 1158 330 1239 φιλίαν
353 1152 408 1219 καί
427 1155 627 1237 κοσμιότητα
644 1150 701 1217 καὶ
720 1154 948 1236 σωφροσύνην
967 1150 1021 1219 καὶ
1043 1154 1090 1217 θαι

94 1281 120 1319 10
135 1262 244 1341 ότητα,
267 1257 323 1323 καὶ
345 1260 382 1324 τὸ
407 1260 488 1323 ὅλον
505 1267 603 1323 τοῦτο
628 1259 683 1322 ἀιά
702 1267 805 1324 ταῦτα
826 1261 955 1344 κόσμον
977 1264 1089 1324 καλοῦσ

134 1363 195 1428 οὐκ
218 1363 381 1446 ἀκοσμίαν
406 1361 486 1428 οὐδὲ
509 1362 700 1429 ἀκολασίαν.
742 1367 802 1430 τὸν
823 1361 859 1430 δὲ
879 1366 923 1449 μὴ
943 1364 1090 1452 προσέχοι

133 1469 264 1546 τούτοις
294 1468 439 1553 λέληθεν
472 1469 522 1534 ὅτι
553 1469 573 1553 ἡ
607 1471 719 1554 ίσότης
746 1472 767 1555 ἡ
795 1473 997 1557 γεωμετρικὴ
1027 1468 1076 1536 καὶ

132 1583 227 1655 θεοῖς
254 1574 309 1642 καί
337 1576 374 1642 έν
406 1575 600 1662 ἀνθρώποις
626 1575 709 1661 μένα
743 1579 895 1643 δύναται·
929 1576 973 1644 δι’
1006 1578 1090 1645 ἀπλι

133 1683 245 1762 νεξίαν
270 1690 397 1750 οἴονται
420 1686 491 1749 δεῖν
515 1683 645 1749 ἀσκεῖν·
668 1688 868 1769 γεωμετρίας
891 1686 956 1771 νάρ
980 1686 1090 1770 ἀμελοῖ

94 1808 119 1849 15
133 1792 170 1856 τὸ
203 1789 264 1877 μὲν
297 1786 360 1856 οὖν
388 1791 468 1856 ὅλον
499 1800 557 1874 τῆς
589 1790 789 1874 εὐδαίμονος
824 1794 906 1875 ζωῆς
937 1791 1013 1876 πέρι
1042 1789 1089 1855 ούτ

132 1899 205 1981 ἔχει.
246 1895 302 1962 καὶ
324 1896 435 1962 ἕπεται
454 1893 491 1962 δὲ
511 1896 615 1980 αὐτὴν
637 1896 674 1963 τὸ
697 1902 805 1973 καλῶς
828 1898 999 1983 αἱρεῖσθαι
1021 1898 1090 1982 μᾶλλ

132 2009 299 2088 τελευτᾶν,
324 1997 374 2080 οἷς
393 2003 484 2069 ἐστιν
503 2002 636 2082 ἐξουσία
656 2007 713 2087 ζῆν
732 2005 775 2087 μὴ
795 2009 914 2086 καλῶς,
932 2003 1014 2089 πρὶν
1026 2000 1090 2069 παῖά

131 2131 166 2176 τε
193 2109 249 2176 καὶ
275 2113 354 2187 τοὺς
382 2112 493 2176 ἔπειτα
520 2113 567 2188 εἰς
595 2110 707 2193 ὀνείδη
736 2120 953 2194 καταστῆσαι,
987 2108 1040 2175 καὶ
1063 2129 1090 2190 πρ

130 2218 209 2292 τοὺς
231 2217 374 2302 πατέρας
395 2214 508 2281 τεκαὶ
532 2225 599 2281 πᾶν
623 2216 660 2281 τὸ
683 2218 835 2301 πρόσθεν
858 2215 956 2298 γένος
980 2219 1090 2301 αόσχῦν

90 2338 118 2377 20
133 2322 178 2404 τῷ
202 2323 265 2405 γὰρ
288 2323 367 2396 τοὺς
390 2321 495 2385 αὑτοῦ
518 2323 714 2405 αἰσχύνοντι
742 2322 887 2405 ἀβίωτόν
911 2322 991 2406 ἐστι,
1019 2321 1070 2388 καὶ

130 2426 271 2511 τοιούτω
296 2424 372 2489 οὔτε
395 2449 444 2502 τις
467 2425 658 2507 ἀνθρώπων
682 2429 757 2494 οὔτε
776 2434 868 2494 θεῶν
886 2432 987 2514 φίλος
1009 2429 1090 2512 ὑπάρ

131 2527 201 2596 οὔτ’
234 2529 287 2597 ἐπὶ
314 2539 376 2615 γῆς
408 2531 484 2596 οὔτε
512 2532 577 2597 ὑπὸ
608 2544 672 2618 γῆν
701 2538 941 2619 τελευτήσαντι.
988 2538 1048 2621 χρη
1078 2557 1090 2598 ι

129 2638 237 2704 πάντα
268 2639 392 2722 ἀνδρα,
429 2637 487 2704 ἐάν
520 2661 552 2703 τι
583 2638 638 2705 καὶ
670 2641 750 2706 ἀλλο
788 2642 888 2726 ἀσκῇ,
925 2637 995 2725 μετ’
1030 2641 1090 2726 ἀρετ

131 2745 259 2830 ἀσκεῖν,
286 2746 398 2811 είάότα
422 2746 472 2810 ὅτι
494 2745 616 2811 τούτου
639 2749 816 2831 λειπόμενα
839 2747 969 2812 ἅπαντα
992 2746 1046 2814 καὶ
1067 2770 1090 2811 ιιι

88 2868 115 2908 2⁵
130 2876 215 2935 ματα
242 2850 297 2917 καὶ
330 2852 571 2938 ἐπιτηδεύματα
600 2854 718 2938 αίσχρά
749 2850 804 2917 καὶ
835 2854 928 2918 κακά.
975 2855 1051 2920 οὔτε
1079 2877 1090 2936 η

129 2962 272 3034 πλοῦτος
299 2957 419 3034 κάλλος
448 2957 542 3043 φέρει
570 2966 615 3045 τῷ
640 2958 827 3047 κεκτημένῳ
855 2961 936 3043 μετά
964 2960 1089 3042 ἀνανθρ

219 3159 260 3206 16.
279 3170 307 3221 p.
322 3156 365 3219 ω,
380 3155 413 3204 21
434 3149 508 3204 Ριιι.
528 3151 636 3206 Menex.
654 3169 682 3220 p.
697 3156 749 3204 εει
760 3149 872 3206 ο-νω
883 3150 914 3206 Β.

220 3333 252 3381 13
268 3321 307 3380 δι’
319 3321 337 3379 ἀ
348 3325 449 3396 scripsi
462 3343 514 3395 pro
528 3322 590 3382 διάι
605 3322 650 3380 θιὸ
666 3325 710 3394 (cf.
721 3326 896 3382 Valckenaer
911 3328 947 3382 ad
962 3328 1027 3384 Eur.
1038 3328 1090 3383 Pht

130 3434 180 3511 ιιι
199 3432 306 3510 10:200)
323 3431 418 3486 nescio
436 3431 510 3486 unde
530 3431 568 3485 K:
589 3430 618 3486 οῖ
635 3430 667 3487 σε
685 3432 857 3501 Vitellium
876 3413 967 3488 εόείά
985 3437 996 3504 ss
1016 3442 1048 3490 ιι
1071 3455 1088 3489 α

117 3502 237 3570 εοινμειί
253 3500 283 3554 Κ
292 3503 306 3572 ΙΙ
319 3507 354 3558 20
373 3497 465 3559 αύτοίι
479 3505 539 3574 1126
558 3499 741 3574 ἀνανδρείας.
