2400 3930
381 165 653 223 Ριιοουυευιουε
673 169 706 236 (0.
723 168 791 238 vu).
1051 168 1095 233 43

81 325 204 395 οὐκοῦν
227 337 286 413 τῆς
310 336 520 414 φρονήσεως,
548 331 591 413 ήν
619 353 730 415 φαμεν
754 332 898 424 δύναμιν
921 326 1007 397 εἶναι
1034 340 1095 397 τοῦ

85 437 285 517 κυριωτάτου
303 445 372 501 τῶν
390 435 428 501 ἐν
446 435 537 520 ἡμῖν,
556 436 618 501 οὐκ
633 440 724 503 ἔστιν
742 439 961 525 αίρετώτερον
981 437 1093 521 οὐδέν,

94 536 129 615 ὣς
149 541 211 620 ἕξις
232 544 318 629 πρὸς
339 541 408 621 ἕξιν
426 545 616 627 κρίνεσθαι·
641 545 679 608 τὸ
702 545 766 630 γάρ
789 546 975 629 γνωστικὸν
994 545 1093 631 μέρος

97 643 139 710 καλ
165 647 264 735 χωρὶς
295 645 352 712 καὶ
383 650 602 732 συγκείμενον
632 648 765 732 βέλτιόν
797 650 866 716 ἐστι
897 651 1005 734 πάσης
1034 659 1093 734 της

101 758 198 839 ψυχῆς,
234 756 358 820 τούτου
390 752 428 819 δὲ
460 753 620 838 ἐπιστήμη
653 754 762 840 άρετή.
809 757 872 821 οὐκ
903 758 967 842 ἄρα
1001 754 1120 822 ἐστλνῖ

104 857 179 940 ἔργον
201 862 303 946 αὐτῆς
324 861 465 946 οὐδεμία
486 872 554 926 τῶν
577 862 659 926 κατὰ
683 860 783 946 μέρος
804 862 995 947 λεγομένων
1018 862 1092 948 άρε-

104 973 164 1029 τῶν·
182 979 298 1034 πασῶν
315 969 380 1053 γάρ
399 966 469 1033 ἐστι
487 969 639 1051 βελτίων,
661 969 699 1032 τὸ
720 964 757 1033 δέ
777 971 981 1053 ποιούμενον
998 970 1092 1046 τέλος

103 1065 138 1134 λδ
158 1077 304 1160 κρεῖττόν
331 1073 401 1138 ἐστι
428 1080 486 1157 τῆς
512 1074 674 1157 ποιούσης
696 1073 888 1158 ἐπιστήμης·
918 1071 998 1139 οὐδὲ
1026 1078 1091 1159 μήν

77 1183 94 1224 ¹·
103 1171 187 1246 ἅπασα
213 1189 272 1264 τῆς
299 1187 407 1264 ψυχῆς
434 1179 533 1264 άρετή
562 1180 667 1257 οὕτως
702 1183 801 1266 ἔργον
829 1176 902 1245 οὐδ’
932 1180 953 1264 ή
981 1181 1091 1246 εὐδαι-

76 1287 186 1359 numm.
231 1289 264 1352 εί
292 1288 357 1372 γδιρ
386 1289 477 1351 ἔσται
508 1288 677 1370 ποιητική,
710 1285 804 1372 ἑτέρα
840 1285 961 1374 ἑτέρων
989 1291 1090 1373 ἔσται,
1107 1306 1132 1344 10

101 1381 186 1478 ὥσπερ
218 1393 413 1477 οίιιοδομιιιή
447 1393 567 1475 οἰκίας,
604 1393 677 1476 ήτις
708 1393 770 1458 οὐκ
803 1397 872 1459 ἔστι
903 1393 1003 1481 μέρος
1034 1405 1091 1480 τής

56 1508 59 1569 ξ
102 1491 198 1582 οἰκίας,
220 1499 242 1582 ἡ
266 1498 380 1584 μέντοι
403 1500 567 1584 φρόνησις
589 1501 710 1582 μόριον
728 1508 786 1582 τῆς
809 1500 927 1585 άρετής
949 1500 1091 1566 ἐστικαὶ

56 1664 59 1687 ,
101 1605 142 1679 τῆς
167 1605 391 1691 εὐδαιμονίας·
422 1604 443 1689 ή
475 1606 539 1691 γὰρ
568 1603 605 1670 ἐκ
631 1606 752 1688 ταύτης
778 1605 799 1688 ή
827 1607 952 1690 ταύτην
979 1604 1090 1690 φαμὲν

56 1714 58 1763 i
102 1697 167 1774 εἶναι
191 1713 253 1796 τήν
281 1713 507 1797 εὐδαιμονίαν.
554 1711 680 1777 οὐκοῦν
706 1709 760 1777 καὶ
790 1713 873 1777 κατὰ
899 1714 959 1778 τὸν
987 1715 1090 1797 λόγον

56 1806 58 1889 s
101 1821 198 1882 τούτου
220 1818 390 1884 ἀδύνατον
408 1813 495 1882 εἶναι
518 1818 579 1900 τήν
601 1817 784 1902 ἐπιστήμην
802 1821 992 1903 ποιητικήν·
1016 1818 1089 1903 βέλ-
1106 1836 1131 1876 1⁵

101 1933 155 1984 τιον
174 1925 236 2011 γὰρ
260 1925 314 1988 δεῖ
333 1926 371 1995 τὸ
394 1922 488 2000 τέλος
506 1918 592 1989 εἶναι
614 1933 675 1989 τοῦ
696 1923 908 2008 γιγνομένου,
932 1921 1035 1990 οὐδὲν
1053 1923 1090 1991 δὲ

100 2019 208 2097 βέλτιον
232 2025 318 2096 εἶναι
341 2033 553 2116 φρονήσεως,
580 2031 668 2113 πλήν
691 2035 726 2094 εί
743 2052 775 2093 τι
797 2040 865 2094 τῶν
893 2029 1089 2114 εἰρημένων,

101 2132 206 2202 τθύτου
234 2134 272 2202 δὲ
301 2133 402 2202 οὐδὲν
431 2135 545 2222 ἕτερον
568 2136 669 2220 αὐτῆς
692 2134 782 2200 ἐστιν
806 2138 914 2219 ἔργον.
959 2141 1090 2221 θεωρη-

101 2242 174 2320 τικήν
197 2267 274 2309 τινα
300 2244 366 2329 άρα
393 2241 519 2328 φατέον
542 2237 629 2308 εἶναι
658 2243 783 2325 ταύτην
810 2242 872 2324 τήν
895 2241 1089 2328 ἐπιστήμην,

101 2333 208 2435 ἐπείπερ
231 2350 400 2415 ἀδύνατον
423 2352 560 2433 ποίησιν
584 2344 670 2414 εἶναι
692 2347 849 2426 τὸτέλος.
890 2351 928 2415 τὸ
948 2364 1089 2436 φρονεῖν
1104 2367 1130 2406 20

100 2439 149 2528 ἄρα
166 2455 218 2521 καὶ
240 2458 278 2522 τὸ
301 2463 446 2542 θεωρεῖν
469 2459 570 2542 ἔργον
592 2465 650 2540 τῆς
673 2456 789 2540 ἀρετῆς
819 2456 889 2522 ἐστι
912 2456 1088 2525 καὶτοῦτο

100 2553 211 2628 πάντων
243 2560 334 2628 ἐστὶν
371 2563 592 2648 αἱρετώτατον
625 2572 695 2639 τοῖς
732 2562 941 2645 ἀνθρώποις,
979 2564 1089 2648 ὥσπερ

101 2649 170 2740 οἶμαι
190 2667 245 2734 καὶ
268 2669 305 2734 τὸ
328 2679 399 2746 τοῖς
421 2670 566 2752 ὄμμασιν
589 2667 687 2754 ὁρᾶν,
716 2667 735 2732 ὃ
765 2665 820 2731 καὶ
843 2666 952 2731 ἕλοιτό
974 2691 1024 2744 τις
1047 2668 1089 2734 διν

101 2758 179 2858 ἔλθοι,
209 2777 240 2840 εί
265 2773 321 2840 καλ
343 2778 388 2860 μή
416 2797 448 2839 τι
477 2773 591 2858 με’λλοι
620 2776 799 2857 γίγνεσθαι
823 2767 868 2836 δι’
898 2772 979 2838 αὐτὸ
1007 2771 1085 2861 παρ’

101 2867 184 2960 αὖτὴν
200 2882 262 2964 τήν
286 2883 366 2959 ’ύψιν
389 2880 512 2965 ἕτερον.
555 2882 602 2944 ἐτι
621 2881 652 2945 εί
673 2882 709 2945 τὸ
733 2878 817 2962 ὁρᾶν
840 2878 1018 2964 ἀγαπῶμεν
1042 2882 1086 2946 δι’
1104 2898 1130 2938 25

101 2967 191 3071 ἑαυτό,
219 2989 341 3064 ίκανῶς
363 2997 526 3074 μαρτυρεῖ
549 2995 648 3052 τοῦτο
672 2987 723 3051 ὅτι
746 2986 866 3062 πάντες
888 2988 925 3051 τὸ
949 2998 1090 3072 φρονεῖν

100 3079 141 3146 καὶ
171 3095 205 3159 τὸ
241 3095 442 3178 γιγνώσκειν
479 3093 623 3177 ἐσχάτως
659 3092 840 3176 ἀγαπῶσιν.
892 3095 940 3155 ἔτι
976 3098 1010 3156 εί
1041 3115 1091 3169 τις

56 3179 190 3285 ‘Um
215 3203 293 3267 τόδε
320 3224 352 3265 τι
376 3202 433 3266 διδι
459 3202 496 3265 τὸ
521 3197 764 3284 συμβεβηκέναι
787 3197 902 3280 ἕτερον
929 3197 1018 3286 αὐτῷ
1047 3223 1089 3284 τι,

101 3287 184 3374 ὅλλον
205 3309 257 3373 ὅτι
280 3311 408 3391 μᾶλλον
427 3301 525 3382 οὗτος
543 3307 742 3390 βουλήσεται
761 3295 786 3392 ᾦ
806 3307 933 3388 μᾶλλον
951 3303 1091 3391 ὑπάρχει

101 3429 291 3460 κῇ...

172 3535 267 3591 βδοιύ.
288 3531 324 3598 ὥς
344 3533 403 3601 ἕξιν
421 3537 432 3605 ΙΙ
452 3540 484 3589 17
504 3533 567 3589 fort.
592 3528 701 3605 βέλτιόν
725 3526 784 3586 ἐστι
801 3533 810 3602 ΙΙ
828 3536 863 3585 24
886 3529 926 3586 δι’
949 3527 1038 3587 αὐτοῦ
1057 3532 1090 3585 Κ.
