<?xml version="1.0" encoding="UTF-8"?>
<!DOCTYPE html PUBLIC "-//W3C//DTD XHTML 1.0 Transitional//EN"
    "http://www.w3.org/TR/xhtml1/DTD/xhtml1-transitional.dtd">
<html xmlns="http://www.w3.org/1999/xhtml" xml:lang="en" lang="en">
 <head>
  <title>
</title>
<meta http-equiv="Content-Type" content="text/html;charset=utf-8" />
  <meta name='ocr-system' content='tesseract 3.04.00' />
  <meta name='ocr-capabilities' content='ocr_page ocr_carea ocr_par ocr_line ocrx_word'/>
</head>
<body>
  <div class='ocr_page' id='page_1' title='image "./iamblichiprotre01jambgoog_0132.png"; bbox 0 0 2400 3930; ppageno 0'>
   <div class='ocr_carea' id='block_1_1' title="bbox 298 134 1076 232">
    <p class='ocr_par' dir='ltr' id='par_1_1' title="bbox 298 134 1076 232">
     <span class='ocr_line' id='line_1_1' title="bbox 298 134 1076 232; baseline 0.017 -18"><span class='ocrx_word' id='word_1_1' title='bbox 298 167 301 171; x_wconf 93' lang='lat'>·</span> <span class='ocrx_word' id='word_1_2' title='bbox 357 134 686 229; x_wconf 73' lang='grc' dir='ltr'><strong><em>επονεπεειοοείι.</em></strong></span> <span class='ocrx_word' id='word_1_3' title='bbox 701 162 784 232; x_wconf 71' lang='lat' dir='ltr'><strong>xm).</strong></span> <span class='ocrx_word' id='word_1_4' title='bbox 1016 164 1076 226; x_wconf 86' lang='lat'><strong><em>111</em></strong></span> 
     </span>
    </p>
   </div>
   <div class='ocr_carea' id='block_1_2' title="bbox 66 313 1119 3392">
    <p class='ocr_par' dir='ltr' id='par_1_2' title="bbox 66 313 1119 2002">
     <span class='ocr_line' id='line_1_2' title="bbox 72 313 1079 412; baseline 0.007 -28"><span class='ocrx_word' id='word_1_5' title='bbox 72 313 228 402; x_wconf 75' lang='grc' dir='ltr'><em>ἀποδείξει</em></span> <span class='ocrx_word' id='word_1_6' title='bbox 250 325 393 411; x_wconf 83' lang='grc' dir='ltr'><strong><em>παντοίᾳ</em></strong></span> <span class='ocrx_word' id='word_1_7' title='bbox 415 322 469 389; x_wconf 77' lang='grc' dir='ltr'><strong><em>καί</em></strong></span> <span class='ocrx_word' id='word_1_8' title='bbox 494 333 758 412; x_wconf 75' lang='grc' dir='ltr'><strong><em>συναναγκασμςό</em></strong></span> <span class='ocrx_word' id='word_1_9' title='bbox 782 323 992 411; x_wconf 78' lang='grc' dir='ltr'><strong><em>ὠχυρωμένα.</em></strong></span> <span class='ocrx_word' id='word_1_10' title='bbox 1039 329 1079 391; x_wconf 87' lang='grc' dir='ltr'><strong><em>τά</em></strong></span> 
     </span>
     <span class='ocr_line' id='line_1_3' title="bbox 70 416 1079 517; baseline 0.003 -23"><span class='ocrx_word' id='word_1_11' title='bbox 70 416 99 484; x_wconf 55' lang='grc' dir='ltr'><strong><em>(δὲ</em></strong></span> <span class='ocrx_word' id='word_1_12' title='bbox 128 429 209 495; x_wconf 88' lang='grc' dir='ltr'><strong><em>αύτά</em></strong></span> <span class='ocrx_word' id='word_1_13' title='bbox 235 438 339 496; x_wconf 84' lang='grc' dir='ltr'><strong><em>ταῦτα</em></strong></span> <span class='ocrx_word' id='word_1_14' title='bbox 368 430 508 496; x_wconf 89' lang='grc' dir='ltr'><strong><em>δύναται</em></strong></span> <span class='ocrx_word' id='word_1_15' title='bbox 535 428 591 496; x_wconf 81' lang='grc' dir='ltr'><strong><em>καὶ</em></strong></span> <span class='ocrx_word' id='word_1_16' title='bbox 617 431 700 517; x_wconf 89' lang='grc' dir='ltr'><strong><em>πρὸς</em></strong></span> <span class='ocrx_word' id='word_1_17' title='bbox 726 431 788 514; x_wconf 85' lang='grc' dir='ltr'><strong><em>τήν</em></strong></span> <span class='ocrx_word' id='word_1_18' title='bbox 812 430 994 515; x_wconf 79' lang='grc' dir='ltr'><strong><em>ἐπιστήμην</em></strong></span> <span class='ocrx_word' id='word_1_19' title='bbox 1016 433 1079 516; x_wconf 85' lang='grc' dir='ltr'><strong><em>τήν</em></strong></span> 
     </span>
     <span class='ocr_line' id='line_1_4' title="bbox 69 532 1079 624; baseline 0.004 -24"><span class='ocrx_word' id='word_1_20' title='bbox 69 532 138 615; x_wconf 70' lang='grc' dir='ltr'><strong><em>περὶ</em></strong></span> <span class='ocrx_word' id='word_1_21' title='bbox 167 543 260 602; x_wconf 81' lang='grc' dir='ltr'><strong><em>θεῶν</em></strong></span> <span class='ocrx_word' id='word_1_22' title='bbox 293 534 505 622; x_wconf 90' lang='grc' dir='ltr'><strong><em>προτρέπειν·</em></strong></span> <span class='ocrx_word' id='word_1_23' title='bbox 540 535 759 622; x_wconf 76' lang='grc' dir='ltr'><strong><em>παραγγέλλει</em></strong></span> <span class='ocrx_word' id='word_1_24' title='bbox 795 538 859 624; x_wconf 84' lang='grc' dir='ltr'><strong><em>γάρ</em></strong></span> <span class='ocrx_word' id='word_1_25' title='bbox 897 537 1079 623; x_wconf 80' lang='grc' dir='ltr'><strong><em>ἐπιστήμην</em></strong></span> 
     </span>
     <span class='ocr_line' id='line_1_5' title="bbox 69 639 1078 729; baseline 0.006 -24"><span class='ocrx_word' id='word_1_26' title='bbox 69 644 218 727; x_wconf 79' lang='grc' dir='ltr'><strong><em>τοιαύτην</em></strong></span> <span class='ocrx_word' id='word_1_27' title='bbox 245 646 447 728; x_wconf 89' lang='grc' dir='ltr'><strong><em>κτήσασθαι,</em></strong></span> <span class='ocrx_word' id='word_1_28' title='bbox 475 641 520 708; x_wconf 90' lang='grc' dir='ltr'><strong><em>δι’</em></strong></span> <span class='ocrx_word' id='word_1_29' title='bbox 551 639 590 727; x_wconf 85' lang='grc' dir='ltr'><strong><em>ής</em></strong></span> <span class='ocrx_word' id='word_1_30' title='bbox 618 641 732 708; x_wconf 80' lang='grc' dir='ltr'><strong><em>ούδενὶ</em></strong></span> <span class='ocrx_word' id='word_1_31' title='bbox 760 643 984 729; x_wconf 88' lang='grc' dir='ltr'><strong><em>ἀπιστήσομεν</em></strong></span> <span class='ocrx_word' id='word_1_32' title='bbox 1010 656 1078 710; x_wconf 84' lang='grc' dir='ltr'><strong><em>τῶν</em></strong></span> 
     </span>
     <span class='ocr_line' id='line_1_6' title="bbox 70 737 1105 835; baseline 0 -23"><span class='ocrx_word' id='word_1_33' title='bbox 70 737 252 833; x_wconf 63' lang='grc' dir='ltr'><strong><em>λεγομένων</em></strong></span> <span class='ocrx_word' id='word_1_34' title='bbox 270 747 347 835; x_wconf 80' lang='grc' dir='ltr'><strong><em>περὶ</em></strong></span> <span class='ocrx_word' id='word_1_35' title='bbox 364 756 457 815; x_wconf 82' lang='grc' dir='ltr'><strong><em>θεῶν</em></strong></span> <span class='ocrx_word' id='word_1_36' title='bbox 475 746 619 835; x_wconf 75' lang='grc' dir='ltr'><strong><em>καὶπερὶ</em></strong></span> <span class='ocrx_word' id='word_1_37' title='bbox 634 751 739 816; x_wconf 89' lang='grc' dir='ltr'><strong><em>θείων</em></strong></span> <span class='ocrx_word' id='word_1_38' title='bbox 754 751 938 835; x_wconf 90' lang='grc' dir='ltr'><strong><em>δογμάτων.</em></strong></span> <span class='ocrx_word' id='word_1_39' title='bbox 976 752 1105 817; x_wconf 82' lang='grc' dir='ltr'><strong><em>δύνα-ε</em></strong></span> 
     </span>
     <span class='ocr_line' id='line_1_7' title="bbox 72 854 1078 944; baseline 0.004 -23"><span class='ocrx_word' id='word_1_40' title='bbox 72 862 118 912; x_wconf 67' lang='grc' dir='ltr'><strong><em>τλι</em></strong></span> <span class='ocrx_word' id='word_1_41' title='bbox 138 867 312 941; x_wconf 80' lang='grc' dir='ltr'><strong><em>παραινεῖν</em></strong></span> <span class='ocrx_word' id='word_1_42' title='bbox 335 858 374 922; x_wconf 91' lang='grc' dir='ltr'><strong><em>τά</em></strong></span> <span class='ocrx_word' id='word_1_43' title='bbox 398 855 481 922; x_wconf 88' lang='grc' dir='ltr'><strong><em>αύτά</em></strong></span> <span class='ocrx_word' id='word_1_44' title='bbox 503 854 558 920; x_wconf 76' lang='grc' dir='ltr'><strong><em>καί</em></strong></span> <span class='ocrx_word' id='word_1_45' title='bbox 581 857 619 921; x_wconf 88' lang='grc' dir='ltr'><strong><em>τὸ</em></strong></span> <span class='ocrx_word' id='word_1_46' title='bbox 644 856 700 922; x_wconf 89' lang='grc' dir='ltr'><strong><em>διά</em></strong></span> <span class='ocrx_word' id='word_1_47' title='bbox 718 858 926 942; x_wconf 79' lang='grc' dir='ltr'><strong><em>μαθημάτων</em></strong></span> <span class='ocrx_word' id='word_1_48' title='bbox 944 868 1078 944; x_wconf 83' lang='grc' dir='ltr'><strong><em>χωρεῖν·</em></strong></span> 
     </span>
     <span class='ocr_line' id='line_1_8' title="bbox 75 944 1078 1049; baseline 0.004 -23"><span class='ocrx_word' id='word_1_49' title='bbox 75 944 278 1048; x_wconf 79' lang='grc' dir='ltr'><strong><em>ὀμματουργδι</em></strong></span> <span class='ocrx_word' id='word_1_50' title='bbox 304 964 367 1048; x_wconf 85' lang='grc' dir='ltr'><strong><em>γάρ</em></strong></span> <span class='ocrx_word' id='word_1_51' title='bbox 390 971 493 1028; x_wconf 82' lang='grc' dir='ltr'><strong><em>ταῦτα</em></strong></span> <span class='ocrx_word' id='word_1_52' title='bbox 517 965 604 1047; x_wconf 91' lang='grc' dir='ltr'><strong><em>μόνα</em></strong></span> <span class='ocrx_word' id='word_1_53' title='bbox 630 960 686 1028; x_wconf 82' lang='grc' dir='ltr'><strong><em>καὶ</em></strong></span> <span class='ocrx_word' id='word_1_54' title='bbox 714 965 886 1046; x_wconf 88' lang='grc' dir='ltr'><strong><em>φωτοποιά</em></strong></span> <span class='ocrx_word' id='word_1_55' title='bbox 913 962 1078 1049; x_wconf 75' lang='grc' dir='ltr'><strong><em>περὶτῶν</em></strong></span> 
     </span>
     <span class='ocr_line' id='line_1_9' title="bbox 75 1052 1078 1156; baseline 0.005 -26"><span class='ocrx_word' id='word_1_56' title='bbox 75 1052 169 1134; x_wconf 67' lang='grc' dir='ltr'><strong><em>ὅιιτων</em></strong></span> <span class='ocrx_word' id='word_1_57' title='bbox 188 1069 344 1135; x_wconf 84' lang='grc' dir='ltr'><strong><em>ἁπάντων</em></strong></span> <span class='ocrx_word' id='word_1_58' title='bbox 364 1077 410 1156; x_wconf 75' lang='grc' dir='ltr'><strong><em>τῷ</em></strong></span> <span class='ocrx_word' id='word_1_59' title='bbox 424 1066 580 1153; x_wconf 89' lang='grc' dir='ltr'><strong><em>μέλλοντι</em></strong></span> <span class='ocrx_word' id='word_1_60' title='bbox 594 1066 777 1148; x_wconf 77' lang='grc' dir='ltr'><strong><em>σκέψεσθαι</em></strong></span> <span class='ocrx_word' id='word_1_61' title='bbox 796 1067 851 1133; x_wconf 80' lang='grc' dir='ltr'><strong><em>καὶ</em></strong></span> <span class='ocrx_word' id='word_1_62' title='bbox 872 1071 1078 1148; x_wconf 78' lang='grc' dir='ltr'><strong><em>κατόψεσθαι</em></strong></span> 
     </span>
     <span class='ocr_line' id='line_1_10' title="bbox 77 1170 1077 1261; baseline 0.006 -25"><span class='ocrx_word' id='word_1_63' title='bbox 77 1170 153 1240; x_wconf 72' lang='grc' dir='ltr'><strong><em>αὐτά.</em></strong></span> <span class='ocrx_word' id='word_1_64' title='bbox 199 1174 234 1240; x_wconf 88' lang='grc' dir='ltr'><strong><em>έκ</em></strong></span> <span class='ocrx_word' id='word_1_65' title='bbox 258 1176 321 1259; x_wconf 83' lang='grc' dir='ltr'><strong><em>γάρ</em></strong></span> <span class='ocrx_word' id='word_1_66' title='bbox 344 1184 405 1241; x_wconf 87' lang='grc' dir='ltr'><strong><em>τοῦ</em></strong></span> <span class='ocrx_word' id='word_1_67' title='bbox 428 1176 637 1260; x_wconf 77' lang='grc' dir='ltr'><strong><em>μαθημάτων</em></strong></span> <span class='ocrx_word' id='word_1_68' title='bbox 659 1185 832 1261; x_wconf 82' lang='grc' dir='ltr'><strong><em>μετασχεῖν</em></strong></span> <span class='ocrx_word' id='word_1_69' title='bbox 853 1176 890 1241; x_wconf 77' lang='grc' dir='ltr'><strong><em>ἓν</em></strong></span> <span class='ocrx_word' id='word_1_70' title='bbox 908 1177 973 1261; x_wconf 90' lang='grc' dir='ltr'><strong><em>πρὸ</em></strong></span> <span class='ocrx_word' id='word_1_71' title='bbox 996 1178 1077 1242; x_wconf 91' lang='grc' dir='ltr'><strong><em>πάν-</em></strong></span> 
     </span>
     <span class='ocr_line' id='line_1_11' title="bbox 75 1281 1119 1368; baseline 0.005 -24"><span class='ocrx_word' id='word_1_72' title='bbox 75 1295 130 1344; x_wconf 80' lang='grc' dir='ltr'><strong><em>των</em></strong></span> <span class='ocrx_word' id='word_1_73' title='bbox 161 1284 369 1365; x_wconf 90' lang='grc' dir='ltr'><strong><em>συνίσταται,</em></strong></span> <span class='ocrx_word' id='word_1_74' title='bbox 400 1282 438 1347; x_wconf 89' lang='grc' dir='ltr'><strong><em>τὸ</em></strong></span> <span class='ocrx_word' id='word_1_75' title='bbox 471 1282 515 1366; x_wconf 83' lang='grc' dir='ltr'><strong><em>μή</em></strong></span> <span class='ocrx_word' id='word_1_76' title='bbox 545 1281 694 1349; x_wconf 78' lang='grc' dir='ltr'><strong><em>άπιστεῖν</em></strong></span> <span class='ocrx_word' id='word_1_77' title='bbox 726 1285 807 1367; x_wconf 88' lang='grc' dir='ltr'><strong><em>μήτε</em></strong></span> <span class='ocrx_word' id='word_1_78' title='bbox 838 1281 912 1368; x_wconf 76' lang='grc' dir='ltr'><strong><em>περὶ</em></strong></span> <span class='ocrx_word' id='word_1_79' title='bbox 945 1285 1078 1368; x_wconf 87' lang='grc' dir='ltr'><strong><em>φύσεως</em></strong></span> <span class='ocrx_word' id='word_1_80' title='bbox 1093 1304 1119 1343; x_wconf 89' lang='lat'><strong><em>10</em></strong></span> 
     </span>
     <span class='ocr_line' id='line_1_12' title="bbox 73 1385 1078 1476; baseline 0.007 -27"><span class='ocrx_word' id='word_1_81' title='bbox 73 1389 153 1451; x_wconf 80' lang='grc' dir='ltr'><strong><em>θεῶν</em></strong></span> <span class='ocrx_word' id='word_1_82' title='bbox 174 1389 254 1472; x_wconf 89' lang='grc' dir='ltr'><strong><em>μήτε</em></strong></span> <span class='ocrx_word' id='word_1_83' title='bbox 272 1385 347 1473; x_wconf 83' lang='grc' dir='ltr'><strong><em>περὶ</em></strong></span> <span class='ocrx_word' id='word_1_84' title='bbox 367 1387 483 1466; x_wconf 81' lang='grc' dir='ltr'><strong><em>οὐσίας</em></strong></span> <span class='ocrx_word' id='word_1_85' title='bbox 501 1390 581 1474; x_wconf 90' lang='grc' dir='ltr'><strong><em>μήτε</em></strong></span> <span class='ocrx_word' id='word_1_86' title='bbox 604 1387 679 1475; x_wconf 80' lang='grc' dir='ltr'><strong><em>περὶ</em></strong></span> <span class='ocrx_word' id='word_1_87' title='bbox 699 1390 881 1474; x_wconf 89' lang='grc' dir='ltr'><strong><em>δυνάμεως,</em></strong></span> <span class='ocrx_word' id='word_1_88' title='bbox 905 1388 989 1475; x_wconf 77' lang='grc' dir='ltr'><strong><em>μηδὲ</em></strong></span> <span class='ocrx_word' id='word_1_89' title='bbox 1012 1392 1078 1476; x_wconf 84' lang='grc' dir='ltr'><strong><em>μήν</em></strong></span> 
     </span>
     <span class='ocr_line' id='line_1_13' title="bbox 69 1492 1078 1581; baseline 0.005 -24"><span class='ocrx_word' id='word_1_90' title='bbox 69 1492 223 1576; x_wconf 81' lang='grc' dir='ltr'><strong><em>περὶτῶν</em></strong></span> <span class='ocrx_word' id='word_1_91' title='bbox 241 1498 492 1579; x_wconf 84' lang='grc' dir='ltr'><strong><em>Πυθαγορικῶν</em></strong></span> <span class='ocrx_word' id='word_1_92' title='bbox 512 1495 687 1580; x_wconf 78' lang='grc' dir='ltr'><strong><em>δογμάτων</em></strong></span> <span class='ocrx_word' id='word_1_93' title='bbox 709 1501 1001 1581; x_wconf 83' lang='grc' dir='ltr'><strong><em>τερατολογεῖσθαι</em></strong></span> <span class='ocrx_word' id='word_1_94' title='bbox 1025 1499 1078 1562; x_wconf 88' lang='grc' dir='ltr'><strong><em>δο-</em></strong></span> 
     </span>
     <span class='ocr_line' id='line_1_14' title="bbox 66 1599 1077 1686; baseline 0.004 -23"><span class='ocrx_word' id='word_1_95' title='bbox 66 1601 212 1664; x_wconf 90' lang='grc' dir='ltr'><strong><em>κούντων</em></strong></span> <span class='ocrx_word' id='word_1_96' title='bbox 244 1610 314 1676; x_wconf 82' lang='grc' dir='ltr'><strong><em>τοῖς</em></strong></span> <span class='ocrx_word' id='word_1_97' title='bbox 344 1599 550 1677; x_wconf 90' lang='grc' dir='ltr'><strong><em>ἀνεισάκτοις</em></strong></span> <span class='ocrx_word' id='word_1_98' title='bbox 576 1599 631 1665; x_wconf 76' lang='grc' dir='ltr'><strong><em>καὶ</em></strong></span> <span class='ocrx_word' id='word_1_99' title='bbox 664 1602 871 1686; x_wconf 90' lang='grc' dir='ltr'><strong><em>μαθημάτων</em></strong></span> <span class='ocrx_word' id='word_1_100' title='bbox 904 1601 1077 1686; x_wconf 86' lang='grc' dir='ltr'><strong><em>ἀμυήτοις·</em></strong></span> 
     </span>
     <span class='ocr_line' id='line_1_15' title="bbox 66 1704 1077 1796; baseline 0.003 -25"><span class='ocrx_word' id='word_1_101' title='bbox 66 1706 145 1771; x_wconf 85' lang='grc' dir='ltr'><strong><em>ώστε</em></strong></span> <span class='ocrx_word' id='word_1_102' title='bbox 168 1707 205 1773; x_wconf 93' lang='grc' dir='ltr'><strong><em>τὸ</em></strong></span> <span class='ocrx_word' id='word_1_103' title='bbox 230 1705 285 1790; x_wconf 66' lang='grc' dir='ltr'><strong><em>εμή</em></strong></span> <span class='ocrx_word' id='word_1_104' title='bbox 314 1704 454 1772; x_wconf 81' lang='grc' dir='ltr'><strong><em>ἀπίστεί</em></strong></span> <span class='ocrx_word' id='word_1_105' title='bbox 480 1713 554 1772; x_wconf 79' lang='grc' dir='ltr'><strong><em>ἴσον</em></strong></span> <span class='ocrx_word' id='word_1_106' title='bbox 578 1705 647 1772; x_wconf 81' lang='grc' dir='ltr'><strong><em>ἐστὶ</em></strong></span> <span class='ocrx_word' id='word_1_107' title='bbox 673 1716 719 1796; x_wconf 73' lang='grc' dir='ltr'><strong><em>τῷ</em></strong></span> <span class='ocrx_word' id='word_1_108' title='bbox 744 1707 902 1792; x_wconf 89' lang='grc' dir='ltr'><strong><em>μετέρχου</em></strong></span> <span class='ocrx_word' id='word_1_109' title='bbox 928 1706 983 1772; x_wconf 77' lang='grc' dir='ltr'><strong><em>καί</em></strong></span> <span class='ocrx_word' id='word_1_110' title='bbox 1011 1720 1077 1774; x_wconf 84' lang='grc' dir='ltr'><strong><em>κτῶ</em></strong></span> 
     </span>
     <span class='ocr_line' id='line_1_16' title="bbox 66 1806 1118 1899; baseline 0.001 -22"><span class='ocrx_word' id='word_1_111' title='bbox 66 1812 171 1877; x_wconf 77' lang='grc' dir='ltr'><strong><em>ἐκεῖνα</em></strong></span> <span class='ocrx_word' id='word_1_112' title='bbox 199 1806 243 1876; x_wconf 91' lang='grc' dir='ltr'><strong><em>δι’</em></strong></span> <span class='ocrx_word' id='word_1_113' title='bbox 269 1810 290 1875; x_wconf 88' lang='grc' dir='ltr'><strong><em>ἀ</em></strong></span> <span class='ocrx_word' id='word_1_114' title='bbox 318 1812 379 1878; x_wconf 83' lang='grc' dir='ltr'><strong><em>οὐκ</em></strong></span> <span class='ocrx_word' id='word_1_115' title='bbox 406 1813 610 1897; x_wconf 89' lang='grc' dir='ltr'><strong><em>ἀπιστήσεις,</em></strong></span> <span class='ocrx_word' id='word_1_116' title='bbox 640 1812 789 1880; x_wconf 89' lang='grc' dir='ltr'><strong><em>τουτέστι</em></strong></span> <span class='ocrx_word' id='word_1_117' title='bbox 816 1817 996 1899; x_wconf 86' lang='grc' dir='ltr'><strong><em>μαθήματα</em></strong></span> <span class='ocrx_word' id='word_1_118' title='bbox 1021 1813 1077 1880; x_wconf 80' lang='grc' dir='ltr'><strong><em>καὶ</em></strong></span> <span class='ocrx_word' id='word_1_119' title='bbox 1092 1834 1118 1872; x_wconf 78' lang='lat'><strong><em>15</em></strong></span> 
     </span>
     <span class='ocr_line' id='line_1_17' title="bbox 66 1918 530 2002; baseline 0.006 -20"><span class='ocrx_word' id='word_1_120' title='bbox 66 1918 315 2002; x_wconf 71' lang='grc' dir='ltr'><strong><em>ἐπιστημονικὰς</em></strong></span> <span class='ocrx_word' id='word_1_121' title='bbox 338 1918 530 2000; x_wconf 79' lang='grc' dir='ltr'><strong><em>ἀποδείξεις.</em></strong></span> 
     </span>
    </p>

    <p class='ocr_par' dir='ltr' id='par_1_3' title="bbox 66 2018 1118 3280">
     <span class='ocr_line' id='line_1_18' title="bbox 151 2018 1076 2108; baseline 0.003 -19"><span class='ocrx_word' id='word_1_122' title='bbox 151 2019 251 2108; x_wconf 80' lang='grc' dir='ltr'><strong><em>Οἶμαι</em></strong></span> <span class='ocrx_word' id='word_1_123' title='bbox 276 2018 307 2090; x_wconf 88' lang='grc' dir='ltr'><strong><em>δ’</em></strong></span> <span class='ocrx_word' id='word_1_124' title='bbox 334 2025 384 2090; x_wconf 83' lang='grc' dir='ltr'><strong><em>δτι</em></strong></span> <span class='ocrx_word' id='word_1_125' title='bbox 406 2023 461 2091; x_wconf 77' lang='grc' dir='ltr'><strong><em>καὶ</em></strong></span> <span class='ocrx_word' id='word_1_126' title='bbox 483 2026 521 2093; x_wconf 89' lang='grc' dir='ltr'><strong><em>τὸ</em></strong></span> <span class='ocrx_word' id='word_1_127' title='bbox 545 2024 598 2092; x_wconf 80' lang='grc' dir='ltr'><strong><em>ἐπὶ</em></strong></span> <span class='ocrx_word' id='word_1_128' title='bbox 619 2027 752 2103; x_wconf 83' lang='grc' dir='ltr'><strong><em>τούτοις</em></strong></span> <span class='ocrx_word' id='word_1_129' title='bbox 770 2028 817 2102; x_wconf 86' lang='grc' dir='ltr'><strong><em>είς</em></strong></span> <span class='ocrx_word' id='word_1_130' title='bbox 835 2027 872 2091; x_wconf 91' lang='grc' dir='ltr'><strong><em>τὸ</em></strong></span> <span class='ocrx_word' id='word_1_131' title='bbox 892 2026 973 2091; x_wconf 84' lang='grc' dir='ltr'><strong><em>αὐτὸ</em></strong></span> <span class='ocrx_word' id='word_1_132' title='bbox 997 2042 1076 2092; x_wconf 93' lang='grc' dir='ltr'><strong><em>συν-</em></strong></span> 
     </span>
     <span class='ocr_line' id='line_1_19' title="bbox 66 2131 1076 2217; baseline 0.002 -21"><span class='ocrx_word' id='word_1_133' title='bbox 66 2134 175 2196; x_wconf 89' lang='grc' dir='ltr'><strong><em>τείνει·</em></strong></span> <span class='ocrx_word' id='word_1_134' title='bbox 204 2132 270 2207; x_wconf 87' lang='grc' dir='ltr'><strong><em>τάς</em></strong></span> <span class='ocrx_word' id='word_1_135' title='bbox 297 2135 526 2217; x_wconf 83' lang='grc' dir='ltr'><strong><em>λεωφόρους</em></strong></span> <span class='ocrx_word' id='word_1_136' title='bbox 554 2133 672 2208; x_wconf 88' lang='grc' dir='ltr'><strong><em>ὁδοὺς</em></strong></span> <span class='ocrx_word' id='word_1_137' title='bbox 699 2131 890 2199; x_wconf 81' lang='grc' dir='ltr'><strong><em>ἐκκλίνων</em></strong></span> <span class='ocrx_word' id='word_1_138' title='bbox 914 2134 978 2197; x_wconf 85' lang='grc' dir='ltr'><strong><em>διά</em></strong></span> <span class='ocrx_word' id='word_1_139' title='bbox 1001 2144 1076 2198; x_wconf 84' lang='grc' dir='ltr'><strong><em>τῶν</em></strong></span> 
     </span>
     <span class='ocr_line' id='line_1_20' title="bbox 66 2236 1076 2325; baseline 0.004 -24"><span class='ocrx_word' id='word_1_140' title='bbox 66 2237 242 2323; x_wconf 79' lang='grc' dir='ltr'><strong><em>ἀτραπῶν</em></strong></span> <span class='ocrx_word' id='word_1_141' title='bbox 269 2239 414 2321; x_wconf 80' lang='grc' dir='ltr'><strong><em>βάδιζε.</em></strong></span> <span class='ocrx_word' id='word_1_142' title='bbox 459 2237 514 2304; x_wconf 79' lang='grc' dir='ltr'><strong><em>καὶ</em></strong></span> <span class='ocrx_word' id='word_1_143' title='bbox 541 2240 605 2324; x_wconf 81' lang='grc' dir='ltr'><strong><em>γὰρ</em></strong></span> <span class='ocrx_word' id='word_1_144' title='bbox 632 2247 730 2305; x_wconf 87' lang='grc' dir='ltr'><strong><em>τοῦτο</em></strong></span> <span class='ocrx_word' id='word_1_145' title='bbox 758 2239 820 2323; x_wconf 86' lang='grc' dir='ltr'><strong><em>τήν</em></strong></span> <span class='ocrx_word' id='word_1_146' title='bbox 847 2236 909 2323; x_wconf 70' lang='grc' dir='ltr'><strong><em>μὲν</em></strong></span> <span class='ocrx_word' id='word_1_147' title='bbox 940 2241 1076 2325; x_wconf 85' lang='grc' dir='ltr'><strong><em>δημώδη</em></strong></span> 
     </span>
     <span class='ocr_line' id='line_1_21' title="bbox 66 2341 1118 2433; baseline 0.006 -26"><span class='ocrx_word' id='word_1_148' title='bbox 66 2341 114 2408; x_wconf 80' lang='grc' dir='ltr'><strong><em>ιαὶ</em></strong></span> <span class='ocrx_word' id='word_1_149' title='bbox 142 2342 363 2430; x_wconf 92' lang='grc' dir='ltr'><strong><em>ἀνθρωπίνην</em></strong></span> <span class='ocrx_word' id='word_1_150' title='bbox 396 2346 479 2429; x_wconf 80' lang='grc' dir='ltr'><strong><em>ζωήν</em></strong></span> <span class='ocrx_word' id='word_1_151' title='bbox 511 2344 647 2430; x_wconf 83' lang='grc' dir='ltr'><strong><em>ἀφιέναι</em></strong></span> <span class='ocrx_word' id='word_1_152' title='bbox 678 2343 913 2433; x_wconf 83' lang='grc' dir='ltr'><strong><em>παραγγέλλει,</em></strong></span> <span class='ocrx_word' id='word_1_153' title='bbox 945 2348 1008 2431; x_wconf 86' lang='grc' dir='ltr'><strong><em>τήν</em></strong></span> <span class='ocrx_word' id='word_1_154' title='bbox 1040 2344 1077 2413; x_wconf 71' lang='grc' dir='ltr'><strong><em>δέ</em></strong></span> <span class='ocrx_word' id='word_1_155' title='bbox 1092 2366 1118 2406; x_wconf 77' lang='lat'><strong><em>20</em></strong></span> 
     </span>
     <span class='ocr_line' id='line_1_22' title="bbox 66 2448 1077 2539; baseline 0.008 -26"><span class='ocrx_word' id='word_1_156' title='bbox 66 2450 227 2535; x_wconf 83' lang='grc' dir='ltr'><strong><em>χωριστήν</em></strong></span> <span class='ocrx_word' id='word_1_157' title='bbox 258 2448 314 2516; x_wconf 81' lang='grc' dir='ltr'><strong><em>καὶ</em></strong></span> <span class='ocrx_word' id='word_1_158' title='bbox 345 2452 445 2517; x_wconf 91' lang='grc' dir='ltr'><strong><em>θείαν</em></strong></span> <span class='ocrx_word' id='word_1_159' title='bbox 477 2452 693 2535; x_wconf 84' lang='grc' dir='ltr'><strong><em>μεταδιώκειν</em></strong></span> <span class='ocrx_word' id='word_1_160' title='bbox 726 2452 827 2537; x_wconf 80' lang='grc' dir='ltr'><strong><em>ἀξιοῖ,</em></strong></span> <span class='ocrx_word' id='word_1_161' title='bbox 859 2452 914 2518; x_wconf 76' lang='grc' dir='ltr'><strong><em>καὶ</em></strong></span> <span class='ocrx_word' id='word_1_162' title='bbox 944 2455 984 2519; x_wconf 90' lang='grc' dir='ltr'><strong><em>τά</em></strong></span> <span class='ocrx_word' id='word_1_163' title='bbox 1016 2452 1077 2539; x_wconf 74' lang='grc' dir='ltr'><strong><em>μέν</em></strong></span> 
     </span>
     <span class='ocr_line' id='line_1_23' title="bbox 66 2555 1077 2645; baseline 0.004 -24"><span class='ocrx_word' id='word_1_164' title='bbox 66 2555 250 2642; x_wconf 82' lang='grc' dir='ltr'><strong><em>δοξάσματα</em></strong></span> <span class='ocrx_word' id='word_1_165' title='bbox 276 2559 317 2622; x_wconf 89' lang='grc' dir='ltr'><strong><em>τά</em></strong></span> <span class='ocrx_word' id='word_1_166' title='bbox 344 2559 442 2624; x_wconf 92' lang='grc' dir='ltr'><strong><em>κοινά</em></strong></span> <span class='ocrx_word' id='word_1_167' title='bbox 468 2575 551 2644; x_wconf 90' lang='grc' dir='ltr'><strong><em>φησι</em></strong></span> <span class='ocrx_word' id='word_1_168' title='bbox 577 2560 648 2624; x_wconf 79' lang='grc' dir='ltr'><strong><em>δεῖν</em></strong></span> <span class='ocrx_word' id='word_1_169' title='bbox 671 2558 855 2645; x_wconf 87' lang='grc' dir='ltr'><strong><em>ὑπερορᾶν,</em></strong></span> <span class='ocrx_word' id='word_1_170' title='bbox 883 2561 923 2624; x_wconf 87' lang='grc' dir='ltr'><strong><em>τά</em></strong></span> <span class='ocrx_word' id='word_1_171' title='bbox 947 2557 984 2625; x_wconf 78' lang='grc' dir='ltr'><strong><em>δὲ</em></strong></span> <span class='ocrx_word' id='word_1_172' title='bbox 1008 2562 1077 2626; x_wconf 88' lang='grc' dir='ltr'><strong><em>ίδια</em></strong></span> 
     </span>
     <span class='ocr_line' id='line_1_24' title="bbox 66 2660 1077 2750; baseline 0.005 -24"><span class='ocrx_word' id='word_1_173' title='bbox 66 2660 114 2727; x_wconf 77' lang='grc' dir='ltr'><strong><em>καὶ</em></strong></span> <span class='ocrx_word' id='word_1_174' title='bbox 149 2661 318 2749; x_wconf 89' lang='grc' dir='ltr'><strong><em>ἀπόρρητα</em></strong></span> <span class='ocrx_word' id='word_1_175' title='bbox 349 2662 424 2749; x_wconf 81' lang='grc' dir='ltr'><strong><em>περὶ</em></strong></span> <span class='ocrx_word' id='word_1_176' title='bbox 455 2671 583 2731; x_wconf 83' lang='grc' dir='ltr'><strong><em>πολλοῦ</em></strong></span> <span class='ocrx_word' id='word_1_177' title='bbox 614 2671 798 2748; x_wconf 81' lang='grc' dir='ltr'><strong><em>ποιεῖσθαι,</em></strong></span> <span class='ocrx_word' id='word_1_178' title='bbox 836 2663 891 2730; x_wconf 80' lang='grc' dir='ltr'><strong><em>καὶ</em></strong></span> <span class='ocrx_word' id='word_1_179' title='bbox 922 2667 998 2748; x_wconf 78' lang='grc' dir='ltr'><strong><em>τήνΙ</em></strong></span> <span class='ocrx_word' id='word_1_180' title='bbox 1016 2664 1077 2750; x_wconf 77' lang='grc' dir='ltr'><strong><em>μέν</em></strong></span> 
     </span>
     <span class='ocr_line' id='line_1_25' title="bbox 66 2768 1077 2857; baseline 0.004 -24"><span class='ocrx_word' id='word_1_181' title='bbox 66 2770 143 2853; x_wconf 85' lang='grc' dir='ltr'><strong><em>πρὸς</em></strong></span> <span class='ocrx_word' id='word_1_182' title='bbox 166 2768 369 2855; x_wconf 84' lang='grc' dir='ltr'><strong><em>ἀνθρώπους</em></strong></span> <span class='ocrx_word' id='word_1_183' title='bbox 396 2768 568 2856; x_wconf 85' lang='grc' dir='ltr'><strong><em>φέρουσαν</em></strong></span> <span class='ocrx_word' id='word_1_184' title='bbox 595 2771 713 2857; x_wconf 82' lang='grc' dir='ltr'><strong><em>τέρψιν</em></strong></span> <span class='ocrx_word' id='word_1_185' title='bbox 741 2771 921 2856; x_wconf 80' lang='grc' dir='ltr'><strong><em>ἀτιμάζειν,</em></strong></span> <span class='ocrx_word' id='word_1_186' title='bbox 949 2772 1011 2855; x_wconf 83' lang='grc' dir='ltr'><strong><em>τήν</em></strong></span> <span class='ocrx_word' id='word_1_187' title='bbox 1040 2768 1077 2837; x_wconf 71' lang='grc' dir='ltr'><strong><em>δέ</em></strong></span> 
     </span>
     <span class='ocr_line' id='line_1_26' title="bbox 66 2874 1117 2964; baseline 0.006 -27"><span class='ocrx_word' id='word_1_188' title='bbox 66 2883 116 2958; x_wconf 82' lang='grc' dir='ltr'><strong><em>τῆς</em></strong></span> <span class='ocrx_word' id='word_1_189' title='bbox 140 2878 237 2952; x_wconf 88' lang='grc' dir='ltr'><strong><em>θείας</em></strong></span> <span class='ocrx_word' id='word_1_190' title='bbox 259 2879 449 2962; x_wconf 86' lang='grc' dir='ltr'><strong><em>βουλήσεως</em></strong></span> <span class='ocrx_word' id='word_1_191' title='bbox 472 2876 633 2964; x_wconf 89' lang='grc' dir='ltr'><strong><em>έχομένην</em></strong></span> <span class='ocrx_word' id='word_1_192' title='bbox 652 2878 835 2963; x_wconf 86' lang='grc' dir='ltr'><strong><em>εὐπραγίαν</em></strong></span> <span class='ocrx_word' id='word_1_193' title='bbox 853 2874 928 2962; x_wconf 82' lang='grc' dir='ltr'><strong><em>περὶ</em></strong></span> <span class='ocrx_word' id='word_1_194' title='bbox 949 2882 1077 2943; x_wconf 87' lang='grc' dir='ltr'><strong><em>πολλοῦ</em></strong></span> <span class='ocrx_word' id='word_1_195' title='bbox 1091 2896 1117 2936; x_wconf 73' lang='lat'><strong><em>25</em></strong></span> 
     </span>
     <span class='ocr_line' id='line_1_27' title="bbox 66 2980 1076 3072; baseline 0.004 -28"><span class='ocrx_word' id='word_1_196' title='bbox 66 2987 243 3067; x_wconf 79' lang='grc' dir='ltr'><strong><em>ποιεῖσθαι,</em></strong></span> <span class='ocrx_word' id='word_1_197' title='bbox 266 2981 322 3050; x_wconf 80' lang='grc' dir='ltr'><strong><em>καί</em></strong></span> <span class='ocrx_word' id='word_1_198' title='bbox 344 2985 385 3049; x_wconf 88' lang='grc' dir='ltr'><strong><em>τά</em></strong></span> <span class='ocrx_word' id='word_1_199' title='bbox 405 2980 466 3069; x_wconf 68' lang='grc' dir='ltr'><strong><em>μὲν</em></strong></span> <span class='ocrx_word' id='word_1_200' title='bbox 485 2983 684 3072; x_wconf 88' lang='grc' dir='ltr'><strong><em>ἀνθρώπινα</em></strong></span> <span class='ocrx_word' id='word_1_201' title='bbox 703 2987 766 3068; x_wconf 83' lang='grc' dir='ltr'><strong><em>έθη</em></strong></span> <span class='ocrx_word' id='word_1_202' title='bbox 786 2982 844 3050; x_wconf 88' lang='grc' dir='ltr'><strong><em>έάν</em></strong></span> <span class='ocrx_word' id='word_1_203' title='bbox 864 2985 909 3060; x_wconf 88' lang='grc' dir='ltr'><strong><em>ώς</em></strong></span> <span class='ocrx_word' id='word_1_204' title='bbox 927 2985 1076 3069; x_wconf 91' lang='grc' dir='ltr'><strong><em>δημώδη,</em></strong></span> 
     </span>
     <span class='ocr_line' id='line_1_28' title="bbox 66 3085 1076 3178; baseline 0.004 -28"><span class='ocrx_word' id='word_1_205' title='bbox 66 3088 117 3165; x_wconf 89' lang='grc' dir='ltr'><strong><em>τδις</em></strong></span> <span class='ocrx_word' id='word_1_206' title='bbox 141 3085 179 3153; x_wconf 75' lang='grc' dir='ltr'><strong><em>δὲ</em></strong></span> <span class='ocrx_word' id='word_1_207' title='bbox 205 3100 273 3155; x_wconf 83' lang='grc' dir='ltr'><strong><em>τῶν</em></strong></span> <span class='ocrx_word' id='word_1_208' title='bbox 294 3097 387 3157; x_wconf 83' lang='grc' dir='ltr'><strong><em>θεῶν</em></strong></span> <span class='ocrx_word' id='word_1_209' title='bbox 410 3094 591 3178; x_wconf 90' lang='grc' dir='ltr'><strong><em>θρησκείας</em></strong></span> <span class='ocrx_word' id='word_1_210' title='bbox 618 3092 663 3169; x_wconf 82' lang='grc' dir='ltr'><strong><em>ὡς</em></strong></span> <span class='ocrx_word' id='word_1_211' title='bbox 690 3091 914 3177; x_wconf 81' lang='grc' dir='ltr'><strong><em>ὑπερεχούσας</em></strong></span> <span class='ocrx_word' id='word_1_212' title='bbox 936 3091 997 3174; x_wconf 83' lang='grc' dir='ltr'><strong><em>τήν</em></strong></span> <span class='ocrx_word' id='word_1_213' title='bbox 1021 3092 1076 3175; x_wconf 94' lang='grc' dir='ltr'><strong><em>δη-</em></strong></span> 
     </span>
     <span class='ocr_line' id='line_1_29' title="bbox 66 3194 583 3280; baseline 0.01 -23"><span class='ocrx_word' id='word_1_214' title='bbox 66 3194 155 3278; x_wconf 80' lang='grc' dir='ltr'><strong><em>μώδη</em></strong></span> <span class='ocrx_word' id='word_1_215' title='bbox 181 3197 267 3280; x_wconf 81' lang='grc' dir='ltr'><strong><em>ζωήν</em></strong></span> <span class='ocrx_word' id='word_1_216' title='bbox 283 3196 583 3263; x_wconf 78' lang='grc' dir='ltr'><strong><em>’ἀνταλλάττεσθαι</em></strong></span> 
     </span>
    </p>

    <p class='ocr_par' dir='ltr' id='par_1_4' title="bbox 151 3299 1076 3392">
     <span class='ocr_line' id='line_1_30' title="bbox 151 3299 1076 3392; baseline 0.003 -25"><span class='ocrx_word' id='word_1_217' title='bbox 151 3299 323 3385; x_wconf 79' lang='grc' dir='ltr'><strong><em>Συγγενδς</em></strong></span> <span class='ocrx_word' id='word_1_218' title='bbox 346 3299 377 3368; x_wconf 90' lang='grc' dir='ltr'><strong><em>δ’</em></strong></span> <span class='ocrx_word' id='word_1_219' title='bbox 404 3302 472 3368; x_wconf 75' lang='grc' dir='ltr'><strong><em>ἐστὶ</em></strong></span> <span class='ocrx_word' id='word_1_220' title='bbox 495 3305 601 3392; x_wconf 78' lang='grc' dir='ltr'><strong><em>τούτῳ</em></strong></span> <span class='ocrx_word' id='word_1_221' title='bbox 624 3301 680 3369; x_wconf 81' lang='grc' dir='ltr'><strong><em>καὶ</em></strong></span> <span class='ocrx_word' id='word_1_222' title='bbox 709 3304 747 3368; x_wconf 89' lang='grc' dir='ltr'><strong><em>τὸ</em></strong></span> <span class='ocrx_word' id='word_1_223' title='bbox 776 3302 905 3388; x_wconf 80' lang='grc' dir='ltr'><strong><em>ἐφεξῆς·</em></strong></span> <span class='ocrx_word' id='word_1_224' title='bbox 936 3310 1076 3388; x_wconf 89' lang='grc' dir='ltr'><strong><em>μελαν-</em></strong></span> 
     </span>
    </p>
   </div>
   <div class='ocr_carea' id='block_1_3' title="bbox 151 3520 1103 3608">
    <p class='ocr_par' dir='ltr' id='par_1_5' title="bbox 151 3520 1103 3608">
     <span class='ocr_line' id='line_1_31' title="bbox 151 3520 1103 3608; baseline -0.02 -12"><span class='ocrx_word' id='word_1_225' title='bbox 151 3520 230 3599; x_wconf 58' lang='grc' dir='ltr'><strong><em>ίῆι]</em></strong></span> <span class='ocrx_word' id='word_1_226' title='bbox 241 3523 296 3597; x_wconf 71' lang='grc' dir='ltr'><strong><em>ἤιε</em></strong></span> <span class='ocrx_word' id='word_1_227' title='bbox 309 3529 343 3586; x_wconf 77' lang='grc' dir='ltr'><strong><em>ιι</em></strong></span> <span class='ocrx_word' id='word_1_228' title='bbox 359 3549 384 3588; x_wconf 75' lang='grc' dir='ltr'><strong><em>ι.</em></strong></span> <span class='ocrx_word' id='word_1_229' title='bbox 401 3537 434 3588; x_wconf 83' lang='grc' dir='ltr'><strong><em>ιε</em></strong></span> <span class='ocrx_word' id='word_1_230' title='bbox 451 3535 481 3590; x_wconf 76' lang='grc' dir='ltr'><strong><em>ιι</em></strong></span> <span class='ocrx_word' id='word_1_231' title='bbox 494 3551 522 3606; x_wconf 88' lang='lat' dir='ltr'><strong><em>p.</em></strong></span> <span class='ocrx_word' id='word_1_232' title='bbox 534 3539 596 3608; x_wconf 80' lang='grc' dir='ltr'><strong><em>ιιι,</em></strong></span> <span class='ocrx_word' id='word_1_233' title='bbox 607 3541 624 3592; x_wconf 84' lang='grc' dir='ltr'><strong><em>ε</em></strong></span> <span class='ocrx_word' id='word_1_234' title='bbox 636 3537 650 3608; x_wconf 79' lang='grc' dir='ltr'><strong><em>η</em></strong></span> <span class='ocrx_word' id='word_1_235' title='bbox 661 3540 701 3592; x_wconf 80' lang='grc' dir='ltr'><strong><em>ιι</em></strong></span> <span class='ocrx_word' id='word_1_236' title='bbox 714 3528 864 3606; x_wconf 61' lang='grc' dir='ltr'><strong><em>ἀτιμάζοι</em></strong></span> <span class='ocrx_word' id='word_1_237' title='bbox 884 3527 1103 3598; x_wconf 52' lang='lat' dir='ltr'><strong><em>mmm.</em></strong></span> 
     </span>
    </p>
   </div>
   <div class='ocr_carea' id='block_1_4' title="bbox 0 0 1204 3930">
    <p class='ocr_par' dir='ltr' id='par_1_6' title="bbox 0 0 1204 3930">
     <span class='ocr_line' id='line_1_32' title="bbox 0 0 1204 3930; baseline 0 0"><span class='ocrx_word' id='word_1_238' title='bbox 0 0 1204 3930; x_wconf 95' lang='lat' dir='ltr'><strong><em> </em></strong></span> 
     </span>
    </p>
   </div>
  </div>
 </body>
</html>
