2400 3930
125 157 167 220 14
533 154 725 210 IAMBLICHI

124 321 300 406 άλλότριον
333 323 433 407 ζῷον,
467 320 547 401 ὅπερ
581 318 616 382 οί
645 315 707 402 μέν
739 315 975 402 πολυκέφαλον
1004 317 1130 402 θηρίον

125 429 160 492 οί
176 424 213 492 δέ
231 430 361 511 θνητόν
380 451 410 490 τι
432 430 514 509 ζωῆς
532 420 631 508 εἶδος,
655 426 751 490 άλλοι
770 420 808 489 δέ
827 425 932 509 φύσιν
950 437 1130 508 γενεσιουρ·

124 536 186 618 γδν
219 539 394 600 καλοῦσιν·
431 532 579 597 ἐνταῦθα
619 529 655 596 δὲ
693 534 777 616 έριν
815 532 1024 615 σύμφυτον
1054 529 1130 594 ἐπω-

125 644 286 727 νόμασεν,
316 641 377 725 ούχ
402 641 447 717 ὡς
471 645 547 723 ίσην
569 637 664 716 τάξιν
687 640 831 722 ἔχουσαν
854 636 949 721 ἡμῶν
973 639 1053 722 πρὸς
1071 635 1130 717 την

97 748 333 832 ικνριωτάτην
358 749 454 829 ζωήν,
482 743 554 810 ἀλλ’
581 745 625 822 ὡς
648 744 842 809 συνοπαδδν
866 746 1128 808 συνακολουθοῦ·

126 869 189 918 σαν
212 862 251 938 τῇ
275 851 482 939 πρεσβυτέρᾳ
506 856 579 937 ζωῇ.
619 852 744 934 ταύτην
768 851 809 934 δὴ
834 845 897 916 οὖν
920 847 1126 935 παραγγέλλει

126 962 278 1043 φεύγειν,
317 957 392 1025 ἀντὶ
425 957 461 1024 δὲ
492 960 614 1042 ταύτης
646 957 928 1022 ἀπαλλάττεσθαι
964 959 1026 1041 την
1058 958 1125 1021 άνευ

125 1065 350 1143 ἐναντιώσεως
374 1066 504 1149 ἑνοειδῆ
528 1065 651 1150 νοερὰν
674 1062 859 1148 ἐνέργειαν,
887 1063 959 1146 ἥτις
982 1061 1055 1129 άντί
1074 1057 1122 1148 μέν

125 1181 185 1236 τοῦ
213 1173 372 1254 βλάπτειν
400 1171 604 1255 άγαδοειδής
631 1170 736 1255 έστιν,
770 1167 844 1235 ἀντί
872 1165 909 1234 δέ
939 1166 1122 1256 τοῦ-ῥέπειν

88 1304 113 1343 ιο
127 1279 174 1352 είς
206 1278 351 1361 ὄλεθρον
384 1278 547 1361 σωτηρίας
578 1275 684 1360 ἀρχὴν
716 1274 865 1361 παρέχει,
897 1274 955 1342 καὶ
985 1277 1047 1360 την
1076 1269 1122 1360 μίν

126 1382 346 1466 ἐπεισοδιώδη
386 1380 441 1447 καί
483 1379 643 1466 δευτέραν
685 1381 916 1467 συνεπομένην
957 1383 1122 1449 ὑπόστασιν

127 1489 374 1574 ὡςάλλοτρίαν
398 1488 490 1566 ἐκτὸς
512 1492 666 1573 μεθίησι,
695 1488 756 1571 τὴν
781 1485 818 1554 δὲ
840 1491 1057 1575 πρωτουργὸν
1080 1478 1123 1552 καί

127 1590 185 1678 ἀφ’
211 1594 329 1679 ἑαυτῆς
355 1593 410 1659 καί
439 1594 475 1660 έν
504 1593 604 1680 ἑαυτῇ
632 1594 740 1659 πάντα
767 1598 911 1679 ἔχουσαν
938 1595 1124 1674 τελεωτάτην

128 1702 214 1784 ζωὴν
250 1705 462 1787 προσείληφε.
520 1702 575 1766 διά
615 1702 723 1766 πάντα
764 1697 826 1767 οὖν
867 1711 970 1767 ταῦτα
1011 1702 1126 1780 ἐκείνην

87 1833 112 1873 ιε
127 1804 188 1892 μὲν
225 1809 269 1884 ῶς
306 1805 359 1873 έπὶ
395 1809 602 1893 βραχύτατον
638 1807 831 1873 συστέλλειν
868 1807 980 1892 άξιον,
1001 1809 1128 1886 ,ταύτην

127 1911 164 1980 δέ
186 1915 347 1999 προάγειν
366 1915 410 1992 ὡς
433 1913 487 1980 ἐπὶ
508 1920 678 1980 πλείστου·
701 1912 756 1980 καί
780 1914 885 1990 οὕτως
908 1915 955 1991 είς
977 1916 1038 1998 τὴν
1059 1903 1130 1978 κατὰ

126 2031 210 2088 νοῦν
235 2022 320 2105 ζωὴν
343 2022 524 2107 ἡτοιαύτη
543 2021 715 2107 προτροπὴ
735 2019 876 2106 γέγονεν
899 2019 1126 2106 άνυσιμωτάτη

220 2132 309 2214 Πρός
330 2154 368 2213 γε
391 2130 458 2215 μὴν
480 2129 542 2212 τὴν
564 2131 665 2194 θείαν
687 2129 875 2210 τελειότητα
900 2125 956 2192 καί
978 2128 1039 2211 τὴν
1061 2114 1130 2212 μετί

126 2243 218 2300 θεῶν
251 2235 482 2319 συνεπομένην
517 2234 656 2319 άρίστην
688 2233 889 2299 κατάστασιν
922 2235 960 2299 αί
993 2241 1130 2299 τοιαῦτα

87 2365 114 2403 ιο
128 2352 257 2425 γνῶμαι
280 2345 522 2424 παρακαλοῦσι·

150 2470 216 2530 Ζεῦ
239 2465 356 2548 πάτερ,
381 2459 401 2546 ἦ
425 2469 558 2529 πολλῶν
580 2488 618 2548 γε
640 2475 752 2530 κακῶν
775 2466 935 2541 παύσειας
958 2466 1100 2541 ἅπαντας
1107 2505 1123 2543 ,

150 2575 181 2638 εί
201 2580 303 2637 πᾶσιν
326 2570 444 2649 δείξεις
467 2571 526 2658 οἵω
550 2579 595 2660 τῷ
620 2573 756 2656 δαίμονι
778 2583 932 2656 χρῶνται.

150 2680 233 2746 άλλά
256 2681 299 2744 σὺ
321 2680 457 2766 θάρσει,
482 2676 552 2743 ἐπεὶ
574 2683 672 2743 θεῖον
694 2678 792 2761 γένος
815 2676 884 2744 έστί
907 2681 1086 2764 βροτοῖσιν.

128 2804 165 2868 έν
198 2805 238 2887 δὴ
268 2805 400 2880 τούτοις
431 2806 489 2888 μία
522 2798 583 2886 μέν
615 2802 732 2887 άρίστη
765 2804 969 2888 παράκλησις
1003 2805 1051 2881 είς
1079 2797 1130 2878 τὴ

88 2912 226 2975 νοθείαν
249 2909 468 2993 εὐδαιμονίαν
490 2909 511 2993 ἡ
535 2908 718 2995 μεμιγμένη
745 2921 818 2986 ταῖς
846 2911 957 2994 εὐχαῖς
985 2909 1041 2976 καὶ
1063 2910 1130 2975 άνα

127 3019 262 3100 κλη’σεσι
289 3027 356 3080 τῶν
383 3024 476 3081 θεῶν
504 3015 559 3082 καί
589 3016 729 3101 μάλιστα
756 3025 817 3081 τοῦ
845 3015 1009 3100 βασιλέως
1031 3017 1130 3082 αὐτότί

128 3136 341 3153 .-Δ--.-

188 3216 232 3334 611
251 3213 350 3334 aggiva.
364 3210 443 3281 δηρ]
458 3209 530 3263 Plat.
545 3206 628 3266 civit.
638 3209 676 3262 IX
691 3227 718 3279 p.
729 3208 811 3264 5880
825 3210 834 3278 Ιί
849 3215 881 3263 21
894 3227 954 3278 sqq.
970 3210 1060 3265 Carm.
1073 3207 1130 3261 Aut

129 3298 172 3334 vv.
226 3312 255 3320 —
296 3321 302 3334 .

127 3391 340 3398 ‘—

212 3465 231 3511 3
245 3453 433 3526 ἐπωνόμασεν
443 3456 600 3527 scripsitK:
613 3452 800 3527 ἐπωνόμασαν
813 3460 824 3528 [l
837 3466 870 3515 21
882 3459 926 3530 γε]
938 3479 977 3516 τε.
996 3459 1031 3516 cf.
1042 3444 1129 3513 Nauck

104 3528 149 3580 πά
163 3529 191 3582 h.
216 3547 287 3595 τοτε.
302 3532 366 3601 ίλλ
386 3530 458 3586 πᾶσι
473 3531 483 3602 ΙΙ
497 3530 608 3597 δείξαις
628 3528 722 3584 Cam.
742 3532 809 3583 Am.
