2430 3930
278 186 471 244 IAMBLICHI
489 186 764 242 PROTREPTICUS
784 189 817 255 (ο.
837 186 869 257 Ι).
1062 185 1080 248 7

58 376 163 438 ματα,
192 352 300 429 παίσας
327 348 364 416 δὲ
391 352 449 426 τὰς
472 350 666 433 ἐπιστήμας,
694 349 800 426 πάσας
828 345 865 414 δὲ
892 350 950 426 τὰς
977 350 1013 414 ἐν
1036 357 1082 437 τῷ

13 478 44 518 Κ.
60 463 125 548 βίφ
154 460 258 535 καλδς
284 456 339 523 καὶ
366 459 522 542 γενναίας
549 455 697 542 πράξεις,
726 456 834 532 παίσας
861 452 898 522 δέ
921 457 1082 540 παιδείας,

57 565 115 631 καλ
140 565 185 643 ὡς
208 567 287 642 έπος
305 567 410 630 είπείν
428 564 535 629 πάντα
554 565 616 629 ὅσα
635 561 761 647 μετέχει
779 571 840 627 τοῦ
854 568 967 628 καλοῦ.
1006 563 1081 628 οὔτε

58 674 124 758 γὰρ
149 673 231 737 δίνευ
254 680 315 736 τοῦ
337 679 568 757 προτραπήναι
592 661 666 735 οἷόν
688 671 725 734 τέ
747 668 838 734 ἐστιν
862 668 1005 754 ὁρμήσαι
1029 667 1082 735 ἐπὶ

59 780 102 843 τὰ
120 779 206 844 καλὰ
223 775 279 842 καὶ
297 787 435 861 γενναία
455 776 708 860 ἐπιτηδεύματα,
732 775 810 840 οὔτε
832 768 905 841 οἷόν
923 798 959 841 τε
978 777 1109 853 εὐθὺςῑ»

15 901 44 945 ω
60 883 115 951 ἐπὶ
143 879 181 950 τὸ
209 884 392 970 ἀκρότατον
421 882 477 949 καὶ
504 886 711 949 τελειότατον
744 881 875 965 ἀγαθὸν
907 904 1083 968 προευτρε-

59 994 169 1069 πίζειν
191 992 267 1056 τινὰ
280 989 369 1076 πρὶν
393 990 568 1075 ἐμποιῆσαι
591 989 865 1072 ὑποκατασκευήν
894 998 952 1073 τής
977 999 1083 1074 ψυχῆς

60 1099 118 1162 διδι
146 1106 204 1181 τής
230 1105 432 1184 προτροπῆς·
461 1095 533 1162 ἀλλ’
565 1097 675 1181 ὥσπερ
702 1095 723 1179 ή
751 1095 840 1180 ψυχή
868 1097 950 1160 κατὰ
975 1098 1083 1180 βραχὺ

59 1207 215 1289 πρόεισιν
239 1202 292 1269 ἐπὶ
314 1206 355 1269 τὰ
371 1187 512 1289 ’μείζονα
535 1203 598 1268 ἀπὸ
617 1215 685 1269 τῶν
704 1202 902 1285 ἐλαττόνων,
927 1204 983 1267 διδι
1001 1203 1083 1268 ποίν-

58 1334 130 1375 των
156 1333 192 1375 τε
220 1309 355 1388 διέξεισι
382 1320 450 1375 τῶν
476 1315 601 1392 καλῶν,
631 1308 686 1375 καὶ
714 1308 767 1375 ἐπὶ
789 1319 835 1399 τῷ
860 1308 945 1375 τέλει
970 1312 1010 1374 τὰ
1032 1333 1082 1374 τε-
1098 1326 1123 1365 10

59 1418 209 1483 λειότατα
238 1416 350 1500 ἀγαθδι
382 1415 542 1500 εὑρίσκει,
576 1415 683 1493 οὕτως
709 1413 765 1480 καὶ
797 1416 858 1498 τήν
890 1418 1083 1500 προτροπὴν

60 1525 116 1588 δεῖ
138 1522 206 1610 ὁδῷ
227 1520 381 1608 προϊέναι
399 1519 588 1606 ἀρχομένην
612 1521 675 1586 ἀπὸ
694 1532 762 1585 τῶν
780 1533 914 1586 κοινῶν.
952 1524 998 1598 είς
1016 1524 1081 1607 γὰρ

60 1632 271 1714 φιλοσοφίαν
294 1627 405 1705 ἁπλῶς
422 1631 629 1714 παρορμήσει
652 1625 707 1692 καὶ
729 1628 813 1712 πρὸς
831 1627 912 1692 αὐτὸ
931 1629 968 1692 τὸ
988 1633 1083 1712 φιλο-

15 1753 44 1792 Κ-
61 1746 184 1820 σοφεῐν
216 1737 408 1819 συλλήβδην
437 1729 516 1800 καθ’
546 1733 707 1817 ἡντινοῦν
739 1733 889 1818 ἀγωγήν,
922 1736 1083 1819 μηδεμιᾶς

57 1853 129 1907 τῶν
162 1840 322 1926 αἱρέσεων
351 1842 510 1925 ἄντικρυς
537 1839 816 1926 προκρινομένης,
849 1840 932 1905 ἀλλὰ
961 1852 1084 1919 κοινῶς
1097 1858 1122 1899 ω

57 1949 144 2012 κατὰ
161 1946 259 2031 γένος
278 1947 415 2012 ἁπασῶν
435 1945 686 2032 ἐπαινουμένων
705 1944 760 2011 καὶ
784 1947 873 2031 παρὰ
891 1948 931 2011 τὰ
949 1946 1083 2032 ἀνθρώ-

58 2075 143 2119 πινα
171 2053 412 2137 ἐπιτηδεύματα
438 2051 716 2139 πρεσβευομένων
748 2052 831 2116 κατά
859 2075 935 2116 τινα
965 2055 1083 2117 κοινὸν

58 2159 116 2226 καὶ
137 2162 274 2245 δημώδη
294 2161 534 2247 προτρεπτικὸν
547 2162 682 2244 τρόπον.
720 2160 801 2243 μετὰ
820 2154 979 2223 δὲταῦτα
998 2157 1081 2245 μέση

57 2266 128 2333 τινὶ
151 2268 287 2352 μεθόδφ
311 2263 488 2351 χρηστέον,
517 2267 594 2331 οὔτε
622 2265 811 2331 παντάπασι
834 2266 982 2351 δημώδει
1005 2266 1083 2330 οὔτε

59 2374 128 2459 μήν
160 2374 316 2457 ἄντικρυς
349 2358 586 2458 Πνθαγορική,
625 2367 696 2438 ἀλλ’
731 2369 811 2438 οὐδὲ
849 2372 1082 2459 ἀντηλλαγμένη
1097 2391 1123 2431 20

60 2480 248 2565 ὁλοσχερῶς
271 2478 429 2567 ἑκατέρου
451 2489 513 2545 τοῦ
535 2482 662 2565 τρόπον
684 2480 815 2545 τούτου.
863 2479 899 2545 ἐν
923 2477 960 2544 δὲ
978 2481 1081 2566 ταύτη

59 2588 177 2664 κοινάς
191 2609 226 2651 τε
240 2588 347 2672 πόσης
366 2589 569 2672 φιλοσοφίας
587 2585 728 2671 τάξομεν
744 2588 978 2671 παρορμήσεις,
999 2586 1083 2651 ὥστε

10 2708 48 2750 m.
60 2694 267 2779 κεχωρίσθαι
296 2693 396 2770 αὐτὰς
425 2697 669 2777 Πυθαγορικοῦ
697 2695 905 2777 βουλήματος
935 2692 1018 2757 κατά
1045 2716 1082 2775 γε

59 2809 172 2883 τοῦτο,
196 2798 401 2885 συμμίξομεν
421 2794 458 2863 δὲ
478 2797 692 2883 ἐγκαιρότατα
710 2797 766 2863 καὶ
783 2799 842 2874 τὰς
859 2808 927 2862 τῶν
946 2797 1082 2883 ἀνδρῶν

60 2907 192 2972 τούτων
214 2905 419 2992 κυριωτάτας
443 2904 541 2983 δόξας
565 2907 626 2986 [είς
649 2903 687 2980 ἃς
707 2903 906 2989 προτρέπειν
924 2915 991 2970 τῶν
1010 2911 1082 2971 Πυ-
1097 2922 1123 2963 2⁵

60 3016 282 3098 θαγορικῶν],
305 3013 390 3077 ὥστε
413 3013 538 3077 οἰκεῖον
560 3014 738 3096 γίγνεσθαι
763 3014 835 3092 [τὸν
852 3014 991 3094 τρόπον]
1015 3022 1082 3077 τῶν

153 3193 187 3242 18
195 3205 257 3257 sqq.
277 3188 312 3243 τί.
330 3187 405 3243 infra
423 3204 446 3242 ο.
464 3188 530 3242 XXI
548 3204 575 3255 p.
591 3190 652 3255 306,
667 3193 754 3270 θεηη.
773 3185 873 3240 Kiessl.

153 3352 188 3401 18
207 3343 277 3418 μετὰ
297 3344 342 3419 δὲ]
360 3347 427 3402 hinc
446 3347 566 3402 alterum
586 3349 671 3417 caput
689 3347 718 3401 in
738 3345 846 3401 codice:
866 3345 926 3416 ipse
945 3345 971 3398 K
990 3349 1019 3401 et
1038 3363 1082 3401 oa·

60 3419 128 3488 pitis
143 3417 173 3472 α’
187 3417 371 3473 summarium
386 3435 487 3487 sequor
500 3421 510 3488 Ι]
525 3423 557 3473 19
566 3437 606 3488 sq.
623 3414 688 3474 οὔτε
699 3415 755 3488 μήν
765 3419 810 3485 (ex
819 3435 846 3486 p.
858 3423 918 3481 306,
929 3423 960 3471 11
969 3417 1081 3486 Kiessl.)

60 3490 188 3560 reposui:
211 3484 280 3573 οὐδὲ
300 3485 356 3572 μήν
370 3490 379 3559 ΙΙ
393 3495 478 3575 λόοη.
498 3489 538 3552 είς
556 3483 591 3552 ἃς
611 3489 749 3574 (οἴαςητεΙ
768 3485 869 3575 [κιρνὰς
888 3488 959 3578 ηοοί.
979 3490 1008 3542 et
1026 3489 1082 3569 τῶν

61 3564 140 3617 Πνθ.
162 3561 217 3616 del.
236 3559 346 3632 V1telh)
365 3581 411 3631 πρ.
430 3581 486 3615 των
505 3564 717 3632 Πυθαγορικῶν
741 3562 770 3615 ολ
788 3579 837 3615 τον
855 3577 962 3628 τροπον
982 3558 1082 3612 delevl.
