<?xml version="1.0" encoding="UTF-8"?>
<!DOCTYPE html PUBLIC "-//W3C//DTD XHTML 1.0 Transitional//EN"
    "http://www.w3.org/TR/xhtml1/DTD/xhtml1-transitional.dtd">
<html xmlns="http://www.w3.org/1999/xhtml" xml:lang="en" lang="en">
 <head>
  <title>
</title>
<meta http-equiv="Content-Type" content="text/html;charset=utf-8" />
  <meta name='ocr-system' content='tesseract 3.04.00' />
  <meta name='ocr-capabilities' content='ocr_page ocr_carea ocr_par ocr_line ocrx_word'/>
</head>
<body>
  <div class='ocr_page' id='page_1' title='image "./iamblichiprotre01jambgoog_0011.png"; bbox 0 0 2400 3930; ppageno 0'>
   <div class='ocr_carea' id='block_1_1' title="bbox 93 153 706 211">
    <p class='ocr_par' dir='ltr' id='par_1_1' title="bbox 93 153 706 211">
     <span class='ocr_line' id='line_1_1' title="bbox 93 153 706 211; baseline 0.005 -3"><span class='ocrx_word' id='word_1_1' title='bbox 93 155 130 208; x_wconf 84' lang='lat' dir='ltr'><strong>VI</strong></span> <span class='ocrx_word' id='word_1_2' title='bbox 491 153 706 211; x_wconf 82' lang='lat' dir='ltr'><strong>PRAEFATIO.</strong></span> 
     </span>
    </p>
   </div>
   <div class='ocr_carea' id='block_1_2' title="bbox 93 316 1115 2842">
    <p class='ocr_par' dir='ltr' id='par_1_2' title="bbox 93 316 1115 2842">
     <span class='ocr_line' id='line_1_2' title="bbox 93 316 1109 401; baseline 0.002 -21"><span class='ocrx_word' id='word_1_3' title='bbox 93 318 248 401; x_wconf 80' lang='lat' dir='ltr'>proposui</span> <span class='ocrx_word' id='word_1_4' title='bbox 268 321 305 382; x_wconf 91' lang='lat' dir='ltr'><strong>ut</strong></span> <span class='ocrx_word' id='word_1_5' title='bbox 321 316 554 382; x_wconf 90' lang='lat' dir='ltr'><strong>Iamblicheum</strong></span> <span class='ocrx_word' id='word_1_6' title='bbox 573 321 741 382; x_wconf 78' lang='lat' dir='ltr'>centonem</span> <span class='ocrx_word' id='word_1_7' title='bbox 761 317 974 395; x_wconf 84' lang='lat' dir='ltr'><strong>emendarem,</strong></span> <span class='ocrx_word' id='word_1_8' title='bbox 994 338 1109 382; x_wconf 90' lang='lat' dir='ltr'><strong>verum</strong></span> 
     </span>
     <span class='ocr_line' id='line_1_3' title="bbox 95 423 1109 508; baseline 0.002 -22"><span class='ocrx_word' id='word_1_9' title='bbox 95 427 132 487; x_wconf 94' lang='lat' dir='ltr'><strong>ut</strong></span> <span class='ocrx_word' id='word_1_10' title='bbox 163 423 281 488; x_wconf 86' lang='lat' dir='ltr'><strong>codicis</strong></span> <span class='ocrx_word' id='word_1_11' title='bbox 309 423 490 488; x_wconf 83' lang='lat' dir='ltr'><strong>Florentini</strong></span> <span class='ocrx_word' id='word_1_12' title='bbox 524 424 700 508; x_wconf 89' lang='lat' dir='ltr'><strong>scripturas</strong></span> <span class='ocrx_word' id='word_1_13' title='bbox 734 446 831 508; x_wconf 89' lang='lat' dir='ltr'><strong>quam</strong></span> <span class='ocrx_word' id='word_1_14' title='bbox 862 423 1109 488; x_wconf 74' lang='lat' dir='ltr'><strong>accuratissime</strong></span> 
     </span>
     <span class='ocr_line' id='line_1_4' title="bbox 97 528 1109 614; baseline 0.002 -22"><span class='ocrx_word' id='word_1_15' title='bbox 97 529 259 594; x_wconf 86' lang='lat' dir='ltr'><strong>referrem.</strong></span> <span class='ocrx_word' id='word_1_16' title='bbox 305 528 456 595; x_wconf 79' lang='lat' dir='ltr'><strong>(lodicem</strong></span> <span class='ocrx_word' id='word_1_17' title='bbox 488 529 589 614; x_wconf 83' lang='lat' dir='ltr'><strong>igitur</strong></span> <span class='ocrx_word' id='word_1_18' title='bbox 621 531 668 594; x_wconf 86' lang='lat' dir='ltr'><strong>ita</strong></span> <span class='ocrx_word' id='word_1_19' title='bbox 700 530 837 613; x_wconf 90' lang='lat' dir='ltr'><strong>contuli,</strong></span> <span class='ocrx_word' id='word_1_20' title='bbox 869 533 905 594; x_wconf 91' lang='lat' dir='ltr'><strong>ut</strong></span> <span class='ocrx_word' id='word_1_21' title='bbox 937 529 1028 594; x_wconf 91' lang='lat' dir='ltr'><strong>nulla</strong></span> <span class='ocrx_word' id='word_1_22' title='bbox 1059 552 1109 594; x_wconf 90' lang='lat' dir='ltr'><strong>me</strong></span> 
     </span>
     <span class='ocr_line' id='line_1_5' title="bbox 94 635 1110 719; baseline 0.002 -21"><span class='ocrx_word' id='word_1_23' title='bbox 94 635 245 719; x_wconf 86' lang='lat' dir='ltr'><strong>effugisse</strong></span> <span class='ocrx_word' id='word_1_24' title='bbox 265 639 446 700; x_wconf 91' lang='lat' dir='ltr'><strong>memoratu</strong></span> <span class='ocrx_word' id='word_1_25' title='bbox 465 635 565 719; x_wconf 83' lang='lat' dir='ltr'><strong>digna</strong></span> <span class='ocrx_word' id='word_1_26' title='bbox 584 635 702 700; x_wconf 90' lang='lat' dir='ltr'><strong>acriter</strong></span> <span class='ocrx_word' id='word_1_27' title='bbox 717 635 920 718; x_wconf 84' lang='lat' dir='ltr'><strong>contendam3</strong></span> <span class='ocrx_word' id='word_1_28' title='bbox 945 638 978 698; x_wconf 87' lang='lat' dir='ltr'><strong>et</strong></span> <span class='ocrx_word' id='word_1_29' title='bbox 993 657 1110 718; x_wconf 88' lang='lat' dir='ltr'><strong>quam-</strong></span> 
     </span>
     <span class='ocr_line' id='line_1_6' title="bbox 95 739 1109 825; baseline 0.002 -21"><span class='ocrx_word' id='word_1_30' title='bbox 95 763 201 824; x_wconf 91' lang='lat' dir='ltr'><strong>quam,</strong></span> <span class='ocrx_word' id='word_1_31' title='bbox 224 741 336 824; x_wconf 80' lang='lat' dir='ltr'><strong>paucis</strong></span> <span class='ocrx_word' id='word_1_32' title='bbox 356 739 498 825; x_wconf 88' lang='lat' dir='ltr'><strong>exceptis</strong></span> <span class='ocrx_word' id='word_1_33' title='bbox 516 740 607 825; x_wconf 90' lang='lat' dir='ltr'><strong>locis,</strong></span> <span class='ocrx_word' id='word_1_34' title='bbox 625 740 771 825; x_wconf 90' lang='lat' dir='ltr'><strong>priorum</strong></span> <span class='ocrx_word' id='word_1_35' title='bbox 791 740 969 804; x_wconf 80' lang='lat' dir='ltr'><strong>editionum</strong></span> <span class='ocrx_word' id='word_1_36' title='bbox 989 741 1109 806; x_wconf 90' lang='lat' dir='ltr'><strong>discre-</strong></span> 
     </span>
     <span class='ocr_line' id='line_1_7' title="bbox 94 846 1111 933; baseline 0.002 -23"><span class='ocrx_word' id='word_1_37' title='bbox 94 851 210 930; x_wconf 88' lang='lat' dir='ltr'><strong>pantes</strong></span> <span class='ocrx_word' id='word_1_38' title='bbox 245 847 421 930; x_wconf 88' lang='lat' dir='ltr'><strong>scripturas</strong></span> <span class='ocrx_word' id='word_1_39' title='bbox 454 846 489 911; x_wconf 94' lang='lat' dir='ltr'><strong>in</strong></span> <span class='ocrx_word' id='word_1_40' title='bbox 516 847 726 912; x_wconf 77' lang='lat' dir='ltr'><strong>adnotatione</strong></span> <span class='ocrx_word' id='word_1_41' title='bbox 753 869 821 911; x_wconf 94' lang='lat' dir='ltr'><strong>non</strong></span> <span class='ocrx_word' id='word_1_42' title='bbox 849 849 1111 933; x_wconf 85' lang='lat' dir='ltr'><strong>commemoravi,</strong></span> 
     </span>
     <span class='ocr_line' id='line_1_8' title="bbox 95 952 1110 1039; baseline 0.003 -23"><span class='ocrx_word' id='word_1_43' title='bbox 95 952 191 1016; x_wconf 91' lang='lat' dir='ltr'><strong>fidem</strong></span> <span class='ocrx_word' id='word_1_44' title='bbox 214 952 295 1016; x_wconf 92' lang='lat' dir='ltr'><strong>mihi</strong></span> <span class='ocrx_word' id='word_1_45' title='bbox 313 954 365 1019; x_wconf 82' lang='lat' dir='ltr'><strong>vel</strong></span> <span class='ocrx_word' id='word_1_46' title='bbox 383 953 505 1018; x_wconf 86' lang='lat' dir='ltr'><strong>tacenti</strong></span> <span class='ocrx_word' id='word_1_47' title='bbox 523 953 637 1019; x_wconf 90' lang='lat' dir='ltr'><strong>haberi</strong></span> <span class='ocrx_word' id='word_1_48' title='bbox 657 953 767 1039; x_wconf 84' lang='lat' dir='ltr'><strong>velim3</strong></span> <span class='ocrx_word' id='word_1_49' title='bbox 791 953 876 1036; x_wconf 91' lang='lat' dir='ltr'><strong>quod</strong></span> <span class='ocrx_word' id='word_1_50' title='bbox 895 954 936 1017; x_wconf 91' lang='lat' dir='ltr'><strong>ab</strong></span> <span class='ocrx_word' id='word_1_51' title='bbox 956 953 1110 1019; x_wconf 90' lang='lat' dir='ltr'><strong>omnibus</strong></span> 
     </span>
     <span class='ocr_line' id='line_1_9' title="bbox 95 1058 1110 1144; baseline 0.004 -22"><span class='ocrx_word' id='word_1_52' title='bbox 95 1081 146 1122; x_wconf 92' lang='lat' dir='ltr'><strong>me</strong></span> <span class='ocrx_word' id='word_1_53' title='bbox 176 1059 271 1124; x_wconf 84' lang='lat' dir='ltr'><strong>facile</strong></span> <span class='ocrx_word' id='word_1_54' title='bbox 301 1060 550 1142; x_wconf 89' lang='lat' dir='ltr'><strong>impetraturum</strong></span> <span class='ocrx_word' id='word_1_55' title='bbox 583 1060 709 1124; x_wconf 89' lang='lat' dir='ltr'><strong>confido</strong></span> <span class='ocrx_word' id='word_1_56' title='bbox 741 1058 796 1142; x_wconf 92' lang='lat' dir='ltr'><strong>qui</strong></span> <span class='ocrx_word' id='word_1_57' title='bbox 825 1059 929 1123; x_wconf 89' lang='lat' dir='ltr'><strong>sciant</strong></span> <span class='ocrx_word' id='word_1_58' title='bbox 959 1058 1110 1144; x_wconf 80' lang='lat' dir='ltr'><strong>singulas</strong></span> 
     </span>
     <span class='ocr_line' id='line_1_10' title="bbox 95 1163 1110 1250; baseline 0.004 -22"><span class='ocrx_word' id='word_1_59' title='bbox 95 1166 247 1230; x_wconf 89' lang='lat' dir='ltr'><strong>editionis</strong></span> <span class='ocrx_word' id='word_1_60' title='bbox 272 1187 362 1229; x_wconf 90' lang='lat' dir='ltr'><strong>meae</strong></span> <span class='ocrx_word' id='word_1_61' title='bbox 385 1165 535 1250; x_wconf 84' lang='lat' dir='ltr'><strong>plagulas</strong></span> <span class='ocrx_word' id='word_1_62' title='bbox 560 1187 632 1230; x_wconf 91' lang='lat' dir='ltr'><strong>cum</strong></span> <span class='ocrx_word' id='word_1_63' title='bbox 651 1163 729 1231; x_wconf 82' lang='lat' dir='ltr'><strong>Cod.</strong></span> <span class='ocrx_word' id='word_1_64' title='bbox 749 1164 834 1230; x_wconf 87' lang='lat' dir='ltr'><strong>Flor.</strong></span> <span class='ocrx_word' id='word_1_65' title='bbox 854 1166 895 1229; x_wconf 89' lang='lat' dir='ltr'><strong>ab</strong></span> <span class='ocrx_word' id='word_1_66' title='bbox 914 1164 956 1232; x_wconf 92' lang='lat' dir='ltr'><strong>H.</strong></span> <span class='ocrx_word' id='word_1_67' title='bbox 970 1163 1110 1232; x_wconf 90' lang='lat' dir='ltr'><strong>Vitellio</strong></span> 
     </span>
     <span class='ocr_line' id='line_1_11' title="bbox 96 1270 1112 1355; baseline 0.004 -21"><span class='ocrx_word' id='word_1_68' title='bbox 96 1292 224 1335; x_wconf 89' lang='lat' dir='ltr'><strong>rursum</strong></span> <span class='ocrx_word' id='word_1_69' title='bbox 253 1292 322 1335; x_wconf 87' lang='lat' dir='ltr'><strong>esse</strong></span> <span class='ocrx_word' id='word_1_70' title='bbox 346 1271 501 1336; x_wconf 88' lang='lat' dir='ltr'><strong>conlatas.</strong></span> <span class='ocrx_word' id='word_1_71' title='bbox 548 1270 747 1336; x_wconf 89' lang='lat' dir='ltr'><strong>Litterarum</strong></span> <span class='ocrx_word' id='word_1_72' title='bbox 770 1271 959 1354; x_wconf 89' lang='lat' dir='ltr'><strong>compendia</strong></span> <span class='ocrx_word' id='word_1_73' title='bbox 983 1271 1112 1355; x_wconf 88' lang='lat' dir='ltr'><strong>aliquo·</strong></span> 
     </span>
     <span class='ocr_line' id='line_1_12' title="bbox 95 1375 1112 1461; baseline 0.005 -23"><span class='ocrx_word' id='word_1_74' title='bbox 95 1377 179 1440; x_wconf 90' lang='lat' dir='ltr'><strong>tiens</strong></span> <span class='ocrx_word' id='word_1_75' title='bbox 198 1376 234 1439; x_wconf 95' lang='lat' dir='ltr'><strong>in</strong></span> <span class='ocrx_word' id='word_1_76' title='bbox 252 1375 461 1441; x_wconf 88' lang='lat' dir='ltr'><strong>adnotatione</strong></span> <span class='ocrx_word' id='word_1_77' title='bbox 479 1377 591 1441; x_wconf 90' lang='lat' dir='ltr'><strong>critica</strong></span> <span class='ocrx_word' id='word_1_78' title='bbox 606 1377 867 1460; x_wconf 89' lang='lat' dir='ltr'><strong>commemoravi,</strong></span> <span class='ocrx_word' id='word_1_79' title='bbox 886 1398 958 1441; x_wconf 91' lang='lat' dir='ltr'><strong>cum</strong></span> <span class='ocrx_word' id='word_1_80' title='bbox 972 1383 1112 1461; x_wconf 92' lang='lat' dir='ltr'><strong>propter</strong></span> 
     </span>
     <span class='ocr_line' id='line_1_13' title="bbox 96 1479 1113 1568; baseline 0.004 -23"><span class='ocrx_word' id='word_1_81' title='bbox 96 1482 265 1564; x_wconf 85' lang='lat' dir='ltr'><strong>perplexas</strong></span> <span class='ocrx_word' id='word_1_82' title='bbox 295 1504 405 1547; x_wconf 89' lang='lat' dir='ltr'><strong>eorum</strong></span> <span class='ocrx_word' id='word_1_83' title='bbox 432 1481 554 1547; x_wconf 89' lang='lat' dir='ltr'><strong>formas</strong></span> <span class='ocrx_word' id='word_1_84' title='bbox 583 1479 662 1568; x_wconf 93' lang='lat' dir='ltr'><strong>(quo</strong></span> <span class='ocrx_word' id='word_1_85' title='bbox 692 1483 731 1547; x_wconf 88' lang='lat' dir='ltr'><strong>de</strong></span> <span class='ocrx_word' id='word_1_86' title='bbox 759 1482 930 1568; x_wconf 82' lang='lat' dir='ltr'><strong>diligenter</strong></span> <span class='ocrx_word' id='word_1_87' title='bbox 954 1483 1113 1550; x_wconf 86' lang='lat' dir='ltr'><strong>disseruit</strong></span> 
     </span>
     <span class='ocr_line' id='line_1_14' title="bbox 97 1585 1113 1674; baseline 0.003 -22"><span class='ocrx_word' id='word_1_88' title='bbox 97 1587 262 1653; x_wconf 88' lang='lat' dir='ltr'><strong>Nauckius</strong></span> <span class='ocrx_word' id='word_1_89' title='bbox 281 1589 301 1652; x_wconf 91' lang='lat' dir='ltr'><strong>l.</strong></span> <span class='ocrx_word' id='word_1_90' title='bbox 315 1611 341 1654; x_wconf 89' lang='lat' dir='ltr'><strong>c.</strong></span> <span class='ocrx_word' id='word_1_91' title='bbox 359 1611 390 1671; x_wconf 91' lang='lat' dir='ltr'><strong>p.</strong></span> <span class='ocrx_word' id='word_1_92' title='bbox 405 1587 564 1653; x_wconf 87' lang='lat' dir='ltr'>XXXVII</span> <span class='ocrx_word' id='word_1_93' title='bbox 578 1585 661 1673; x_wconf 85' lang='lat' dir='ltr'><strong>sqq.)</strong></span> <span class='ocrx_word' id='word_1_94' title='bbox 677 1588 753 1672; x_wconf 91' lang='lat' dir='ltr'><strong>quid</strong></span> <span class='ocrx_word' id='word_1_95' title='bbox 769 1589 804 1652; x_wconf 92' lang='lat' dir='ltr'><strong>in</strong></span> <span class='ocrx_word' id='word_1_96' title='bbox 818 1586 1006 1653; x_wconf 84' lang='lat' dir='ltr'><strong>Florentino</strong></span> <span class='ocrx_word' id='word_1_97' title='bbox 1022 1588 1113 1674; x_wconf 84' lang='lat' dir='ltr'><strong>lege-</strong></span> 
     </span>
     <span class='ocr_line' id='line_1_15' title="bbox 95 1693 1113 1782; baseline 0.004 -24"><span class='ocrx_word' id='word_1_98' title='bbox 95 1697 184 1758; x_wconf 89' lang='lat' dir='ltr'><strong>retur</strong></span> <span class='ocrx_word' id='word_1_99' title='bbox 206 1695 395 1760; x_wconf 90' lang='lat' dir='ltr'><strong>indubium</strong></span> <span class='ocrx_word' id='word_1_100' title='bbox 418 1695 527 1759; x_wconf 85' lang='lat' dir='ltr'><strong>vocari</strong></span> <span class='ocrx_word' id='word_1_101' title='bbox 549 1699 673 1779; x_wconf 90' lang='lat' dir='ltr'><strong>posset:</strong></span> <span class='ocrx_word' id='word_1_102' title='bbox 696 1695 730 1759; x_wconf 92' lang='lat' dir='ltr'><strong>in</strong></span> <span class='ocrx_word' id='word_1_103' title='bbox 748 1719 769 1760; x_wconf 95' lang='grc' dir='ltr'><strong><em>ν</em></strong></span> <span class='ocrx_word' id='word_1_104' title='bbox 788 1693 1012 1782; x_wconf 73' lang='grc' dir='ltr'><strong><em>ἐφιλανσιικῷ</em></strong></span> <span class='ocrx_word' id='word_1_105' title='bbox 1032 1701 1113 1762; x_wconf 89' lang='lat' dir='ltr'><strong>ante</strong></span> 
     </span>
     <span class='ocr_line' id='line_1_16' title="bbox 95 1800 1114 1886; baseline 0.005 -23"><span class='ocrx_word' id='word_1_106' title='bbox 95 1804 311 1866; x_wconf 90' lang='lat' dir='ltr'><strong>consonantes</strong></span> <span class='ocrx_word' id='word_1_107' title='bbox 329 1801 490 1884; x_wconf 82' lang='lat' dir='ltr'><strong>ponende,</strong></span> <span class='ocrx_word' id='word_1_108' title='bbox 508 1801 542 1865; x_wconf 93' lang='lat' dir='ltr'><strong>in</strong></span> <span class='ocrx_word' id='word_1_109' title='bbox 561 1800 656 1884; x_wconf 81' lang='grc' dir='ltr'><strong><em>ὑγεία</em></strong></span> <span class='ocrx_word' id='word_1_110' title='bbox 672 1801 724 1867; x_wconf 86' lang='lat' dir='ltr'><strong>vel</strong></span> <span class='ocrx_word' id='word_1_111' title='bbox 739 1801 848 1884; x_wconf 80' lang='grc' dir='ltr'><strong><em>ὑγίεια</em></strong></span> <span class='ocrx_word' id='word_1_112' title='bbox 862 1802 1041 1886; x_wconf 89' lang='lat' dir='ltr'><strong>scribendo,</strong></span> <span class='ocrx_word' id='word_1_113' title='bbox 1061 1801 1114 1868; x_wconf 79' lang='grc' dir='ltr'><strong>ιε’·</strong></span> 
     </span>
     <span class='ocr_line' id='line_1_17' title="bbox 96 1904 1113 1991; baseline 0.004 -21"><span class='ocrx_word' id='word_1_114' title='bbox 96 1909 171 1982; x_wconf 71' lang='lat' dir='ltr'><strong>leeg</strong></span> <span class='ocrx_word' id='word_1_115' title='bbox 193 1906 244 1971; x_wconf 84' lang='lat' dir='ltr'><strong>vel</strong></span> <span class='ocrx_word' id='word_1_116' title='bbox 263 1904 395 1990; x_wconf 75' lang='grc' dir='ltr'><strong><em>τέλειος,</em></strong></span> <span class='ocrx_word' id='word_1_117' title='bbox 419 1912 616 1973; x_wconf 76' lang='grc' dir='ltr'><strong><em>τελεοῦσθαι</em></strong></span> <span class='ocrx_word' id='word_1_118' title='bbox 634 1909 687 1973; x_wconf 79' lang='lat' dir='ltr'><strong>vel</strong></span> <span class='ocrx_word' id='word_1_119' title='bbox 705 1912 927 1991; x_wconf 74' lang='grc' dir='ltr'><strong><em>τελειοῦσθαι,</em></strong></span> <span class='ocrx_word' id='word_1_120' title='bbox 950 1909 1113 1990; x_wconf 75' lang='grc' dir='ltr'><strong><em>γίνεσθαι</em></strong></span> 
     </span>
     <span class='ocr_line' id='line_1_18' title="bbox 97 2012 1114 2097; baseline 0.005 -21"><span class='ocrx_word' id='word_1_121' title='bbox 97 2012 149 2076; x_wconf 82' lang='lat' dir='ltr'><strong>vel</strong></span> <span class='ocrx_word' id='word_1_122' title='bbox 172 2014 359 2097; x_wconf 80' lang='grc' dir='ltr'><strong><em>γίγνεσθαι,</em></strong></span> <span class='ocrx_word' id='word_1_123' title='bbox 384 2013 470 2079; x_wconf 76' lang='grc' dir='ltr'><strong>οὕτω</strong></span> <span class='ocrx_word' id='word_1_124' title='bbox 493 2016 544 2080; x_wconf 82' lang='lat' dir='ltr'><strong>vel</strong></span> <span class='ocrx_word' id='word_1_125' title='bbox 568 2014 672 2092; x_wconf 75' lang='grc' dir='ltr'><strong><em>οὕτως</em></strong></span> <span class='ocrx_word' id='word_1_126' title='bbox 693 2014 764 2079; x_wconf 88' lang='lat' dir='ltr'><strong>sim.</strong></span> <span class='ocrx_word' id='word_1_127' title='bbox 786 2014 945 2097; x_wconf 89' lang='lat' dir='ltr'><strong>optimum</strong></span> <span class='ocrx_word' id='word_1_128' title='bbox 964 2016 1114 2081; x_wconf 89' lang='lat' dir='ltr'><strong>codicem</strong></span> 
     </span>
     <span class='ocr_line' id='line_1_19' title="bbox 97 2117 1113 2207; baseline 0.004 -25"><span class='ocrx_word' id='word_1_129' title='bbox 97 2140 167 2183; x_wconf 90' lang='lat' dir='ltr'><strong>sum</strong></span> <span class='ocrx_word' id='word_1_130' title='bbox 192 2124 327 2185; x_wconf 89' lang='lat' dir='ltr'><strong>secutus.</strong></span> <span class='ocrx_word' id='word_1_131' title='bbox 365 2119 493 2205; x_wconf 91' lang='lat' dir='ltr'><strong>Ubique</strong></span> <span class='ocrx_word' id='word_1_132' title='bbox 516 2143 592 2186; x_wconf 86' lang='lat' dir='ltr'><strong>vero</strong></span> <span class='ocrx_word' id='word_1_133' title='bbox 616 2121 731 2203; x_wconf 88' lang='lat' dir='ltr'><strong>scripsi</strong></span> <span class='ocrx_word' id='word_1_134' title='bbox 752 2122 846 2206; x_wconf 76' lang='grc' dir='ltr'><strong><em>ζῷον,</em></strong></span> <span class='ocrx_word' id='word_1_135' title='bbox 871 2117 998 2206; x_wconf 75' lang='grc' dir='ltr'><strong><em>σςόζειν,</em></strong></span> <span class='ocrx_word' id='word_1_136' title='bbox 1022 2119 1113 2207; x_wconf 82' lang='grc' dir='ltr'><strong><em>θνῄ-</em></strong></span> 
     </span>
     <span class='ocr_line' id='line_1_20' title="bbox 97 2223 1115 2311; baseline 0.004 -22"><span class='ocrx_word' id='word_1_137' title='bbox 97 2242 199 2308; x_wconf 85' lang='grc' dir='ltr'><strong><em>σκειν,</em></strong></span> <span class='ocrx_word' id='word_1_138' title='bbox 223 2223 420 2311; x_wconf 80' lang='grc' dir='ltr'><strong><em>μιμνῄσιιειν</em></strong></span> <span class='ocrx_word' id='word_1_139' title='bbox 441 2228 521 2311; x_wconf 86' lang='lat' dir='ltr'><strong>sim,</strong></span> <span class='ocrx_word' id='word_1_140' title='bbox 539 2226 686 2310; x_wconf 79' lang='lat' dir='ltr'><strong>quamvis</strong></span> <span class='ocrx_word' id='word_1_141' title='bbox 702 2227 797 2307; x_wconf 83' lang='grc' dir='ltr'><strong><em>ζῶον,</em></strong></span> <span class='ocrx_word' id='word_1_142' title='bbox 822 2226 937 2304; x_wconf 76' lang='grc' dir='ltr'><strong><em>σώζειν</em></strong></span> <span class='ocrx_word' id='word_1_143' title='bbox 956 2228 1015 2289; x_wconf 88' lang='lat' dir='ltr'><strong>eto.</strong></span> <span class='ocrx_word' id='word_1_144' title='bbox 1036 2249 1115 2293; x_wconf 87' lang='lat' dir='ltr'><strong>con·</strong></span> 
     </span>
     <span class='ocr_line' id='line_1_21' title="bbox 97 2331 1113 2416; baseline 0.002 -21"><span class='ocrx_word' id='word_1_145' title='bbox 97 2334 221 2395; x_wconf 87' lang='lat' dir='ltr'><strong>stanter</strong></span> <span class='ocrx_word' id='word_1_146' title='bbox 243 2331 397 2413; x_wconf 88' lang='lat' dir='ltr'><strong>praebeat</strong></span> <span class='ocrx_word' id='word_1_147' title='bbox 421 2331 533 2416; x_wconf 86' lang='lat' dir='ltr'><strong>codex,</strong></span> <span class='ocrx_word' id='word_1_148' title='bbox 557 2335 590 2395; x_wconf 90' lang='lat' dir='ltr'><strong>et</strong></span> <span class='ocrx_word' id='word_1_149' title='bbox 613 2331 648 2394; x_wconf 92' lang='lat' dir='ltr'><strong>in</strong></span> <span class='ocrx_word' id='word_1_150' title='bbox 669 2331 777 2397; x_wconf 85' lang='lat' dir='ltr'><strong>verbis</strong></span> <span class='ocrx_word' id='word_1_151' title='bbox 801 2332 917 2409; x_wconf 81' lang='grc' dir='ltr'><strong><em>σώζειν</em></strong></span> <span class='ocrx_word' id='word_1_152' title='bbox 944 2333 1113 2415; x_wconf 76' lang='grc' dir='ltr'><strong><em>θνήσκειν</em></strong></span> 
     </span>
     <span class='ocr_line' id='line_1_22' title="bbox 97 2435 1113 2522; baseline 0.007 -22"><span class='ocrx_word' id='word_1_153' title='bbox 97 2436 294 2520; x_wconf 82' lang='grc' dir='ltr'><strong><em>μιμνήσκειν</em></strong></span> <span class='ocrx_word' id='word_1_154' title='bbox 318 2461 330 2500; x_wconf 94' lang='grc' dir='ltr'><strong><em>ι</em></strong></span> <span class='ocrx_word' id='word_1_155' title='bbox 352 2458 522 2519; x_wconf 85' lang='lat' dir='ltr'><strong>perperam</strong></span> <span class='ocrx_word' id='word_1_156' title='bbox 545 2437 690 2502; x_wconf 89' lang='lat' dir='ltr'><strong>additum</strong></span> <span class='ocrx_word' id='word_1_157' title='bbox 713 2441 808 2521; x_wconf 89' lang='lat' dir='ltr'><strong>putet</strong></span> <span class='ocrx_word' id='word_1_158' title='bbox 831 2435 948 2522; x_wconf 80' lang='lat' dir='ltr'><strong>Cobet,</strong></span> <span class='ocrx_word' id='word_1_159' title='bbox 971 2437 1113 2508; x_wconf 91' lang='lat' dir='ltr'><strong>Miscell.</strong></span> 
     </span>
     <span class='ocr_line' id='line_1_23' title="bbox 98 2540 1115 2627; baseline 0.003 -21"><span class='ocrx_word' id='word_1_160' title='bbox 98 2540 177 2607; x_wconf 83' lang='lat' dir='ltr'><strong>Orit.</strong></span> <span class='ocrx_word' id='word_1_161' title='bbox 195 2565 227 2625; x_wconf 91' lang='lat' dir='ltr'><strong>p.</strong></span> <span class='ocrx_word' id='word_1_162' title='bbox 244 2540 314 2606; x_wconf 84' lang='lat' dir='ltr'><strong>XV.</strong></span> <span class='ocrx_word' id='word_1_163' title='bbox 352 2541 524 2606; x_wconf 89' lang='lat' dir='ltr'><strong>Praeterea</strong></span> <span class='ocrx_word' id='word_1_164' title='bbox 543 2544 642 2606; x_wconf 90' lang='lat' dir='ltr'><strong>tacite</strong></span> <span class='ocrx_word' id='word_1_165' title='bbox 661 2543 851 2627; x_wconf 88' lang='lat' dir='ltr'><strong>plerumque</strong></span> <span class='ocrx_word' id='word_1_166' title='bbox 869 2544 993 2608; x_wconf 78' lang='lat' dir='ltr'><strong>mutavi</strong></span> <span class='ocrx_word' id='word_1_167' title='bbox 1010 2543 1115 2610; x_wconf 90' lang='lat' dir='ltr'><strong>inter-</strong></span> 
     </span>
     <span class='ocr_line' id='line_1_24' title="bbox 97 2647 1113 2732; baseline 0.004 -20"><span class='ocrx_word' id='word_1_168' title='bbox 97 2649 304 2732; x_wconf 88' lang='lat' dir='ltr'><strong>punctionem</strong></span> <span class='ocrx_word' id='word_1_169' title='bbox 324 2650 366 2732; x_wconf 89' lang='lat' dir='ltr'><strong>et,</strong></span> <span class='ocrx_word' id='word_1_170' title='bbox 390 2669 462 2711; x_wconf 89' lang='lat' dir='ltr'><strong>cum</strong></span> <span class='ocrx_word' id='word_1_171' title='bbox 482 2669 501 2711; x_wconf 89' lang='lat' dir='ltr'><strong>a</strong></span> <span class='ocrx_word' id='word_1_172' title='bbox 519 2650 647 2731; x_wconf 88' lang='lat' dir='ltr'><strong>recepto</strong></span> <span class='ocrx_word' id='word_1_173' title='bbox 666 2670 726 2712; x_wconf 89' lang='lat' dir='ltr'><strong>usu</strong></span> <span class='ocrx_word' id='word_1_174' title='bbox 746 2647 973 2730; x_wconf 89' lang='lat' dir='ltr'><strong>discreparent,</strong></span> <span class='ocrx_word' id='word_1_175' title='bbox 998 2670 1113 2716; x_wconf 89' lang='lat' dir='ltr'><strong>accen-</strong></span> 
     </span>
     <span class='ocr_line' id='line_1_25' title="bbox 98 2752 1115 2842; baseline 0.002 -23"><span class='ocrx_word' id='word_1_176' title='bbox 98 2759 160 2819; x_wconf 91' lang='lat' dir='ltr'><strong>tus.</strong></span> <span class='ocrx_word' id='word_1_177' title='bbox 189 2753 409 2820; x_wconf 88' lang='lat' dir='ltr'><strong>Numcrorum-</strong></span> <span class='ocrx_word' id='word_1_178' title='bbox 420 2756 515 2817; x_wconf 89' lang='lat' dir='ltr'><strong>notas</strong></span> <span class='ocrx_word' id='word_1_179' title='bbox 531 2754 732 2839; x_wconf 84' lang='lat' dir='ltr'><strong>marginibus</strong></span> <span class='ocrx_word' id='word_1_180' title='bbox 747 2754 779 2817; x_wconf 90' lang='lat' dir='ltr'><strong>in</strong></span> <span class='ocrx_word' id='word_1_181' title='bbox 796 2752 906 2817; x_wconf 89' lang='lat' dir='ltr'><strong>codice</strong></span> <span class='ocrx_word' id='word_1_182' title='bbox 921 2754 1115 2842; x_wconf 89' lang='lat' dir='ltr'><strong>adscriptas,</strong></span> 
     </span>
    </p>
   </div>
   <div class='ocr_carea' id='block_1_3' title="bbox 80 2961 1116 3564">
    <p class='ocr_par' dir='ltr' id='par_1_3' title="bbox 80 2961 1116 3564">
     <span class='ocr_line' id='line_1_26' title="bbox 99 2961 1115 3032; baseline 0.002 -15"><span class='ocrx_word' id='word_1_183' title='bbox 99 2963 131 3017; x_wconf 80' lang='lat' dir='ltr'><strong>di</strong></span> <span class='ocrx_word' id='word_1_184' title='bbox 153 2962 253 3017; x_wconf 78' lang='lat' dir='ltr'><strong>satiet.</strong></span> <span class='ocrx_word' id='word_1_185' title='bbox 277 2961 384 3017; x_wconf 84' lang='lat' dir='ltr'><strong>closaI</strong></span> <span class='ocrx_word' id='word_1_186' title='bbox 405 2980 434 3032; x_wconf 88' lang='lat' dir='ltr'><strong>p.</strong></span> <span class='ocrx_word' id='word_1_187' title='bbox 454 2968 487 3017; x_wconf 91' lang='lat'><strong>10</strong></span> <span class='ocrx_word' id='word_1_188' title='bbox 503 2964 588 3031; x_wconf 85' lang='lat' dir='ltr'><strong>sqq),</strong></span> <span class='ocrx_word' id='word_1_189' title='bbox 615 2961 688 3016; x_wconf 90' lang='lat' dir='ltr'><strong>unde</strong></span> <span class='ocrx_word' id='word_1_190' title='bbox 714 2961 803 3016; x_wconf 90' lang='lat' dir='ltr'><strong>multo</strong></span> <span class='ocrx_word' id='word_1_191' title='bbox 830 2961 1022 3017; x_wconf 88' lang='lat' dir='ltr'><strong>emendatiora</strong></span> <span class='ocrx_word' id='word_1_192' title='bbox 1045 2981 1115 3032; x_wconf 92' lang='lat' dir='ltr'><strong>pro-</strong></span> 
     </span>
     <span class='ocr_line' id='line_1_27' title="bbox 98 3048 1115 3120; baseline 0.003 -15"><span class='ocrx_word' id='word_1_193' title='bbox 98 3067 201 3120; x_wconf 86' lang='lat' dir='ltr'><strong>ponere</strong></span> <span class='ocrx_word' id='word_1_194' title='bbox 224 3052 336 3120; x_wconf 86' lang='lat' dir='ltr'><strong>poterat</strong></span> <span class='ocrx_word' id='word_1_195' title='bbox 358 3049 537 3106; x_wconf 89' lang='lat' dir='ltr'><strong>doctissimus</strong></span> <span class='ocrx_word' id='word_1_196' title='bbox 556 3049 787 3106; x_wconf 86' lang='lat' dir='ltr'><strong>Aristoteleorum</strong></span> <span class='ocrx_word' id='word_1_197' title='bbox 807 3048 1028 3118; x_wconf 81' lang='lat' dir='ltr'><strong>fragmentorum</strong></span> <span class='ocrx_word' id='word_1_198' title='bbox 1051 3053 1115 3109; x_wconf 91' lang='lat' dir='ltr'><strong>edi-</strong></span> 
     </span>
     <span class='ocr_line' id='line_1_28' title="bbox 98 3138 1116 3208; baseline 0.004 -16"><span class='ocrx_word' id='word_1_199' title='bbox 98 3139 143 3193; x_wconf 87' lang='lat' dir='ltr'><strong>tor</strong></span> <span class='ocrx_word' id='word_1_200' title='bbox 166 3138 333 3194; x_wconf 84' lang='lat' dir='ltr'><strong>Valentinus</strong></span> <span class='ocrx_word' id='word_1_201' title='bbox 359 3141 451 3194; x_wconf 88' lang='lat' dir='ltr'><strong>Rose</strong></span> <span class='ocrx_word' id='word_1_202' title='bbox 480 3139 524 3208; x_wconf 92' lang='lat' dir='ltr'><strong>(in</strong></span> <span class='ocrx_word' id='word_1_203' title='bbox 557 3138 684 3208; x_wconf 89' lang='lat' dir='ltr'><strong>exemplo</strong></span> <span class='ocrx_word' id='word_1_204' title='bbox 714 3138 933 3207; x_wconf 86' lang='lat' dir='ltr'><strong>Teubneriano).</strong></span> <span class='ocrx_word' id='word_1_205' title='bbox 971 3139 1116 3196; x_wconf 87' lang='lat' dir='ltr'><strong>Martinus</strong></span> 
     </span>
     <span class='ocr_line' id='line_1_29' title="bbox 97 3226 1113 3298; baseline 0.006 -19"><span class='ocrx_word' id='word_1_206' title='bbox 97 3243 209 3298; x_wconf 89' lang='lat' dir='ltr'><strong>quoquo</strong></span> <span class='ocrx_word' id='word_1_207' title='bbox 234 3227 432 3296; x_wconf 82' lang='lat' dir='ltr'><strong>Schanzius,</strong></span> <span class='ocrx_word' id='word_1_208' title='bbox 459 3226 489 3282; x_wconf 89' lang='lat' dir='ltr'><strong>in</strong></span> <span class='ocrx_word' id='word_1_209' title='bbox 512 3226 640 3282; x_wconf 87' lang='lat' dir='ltr'><strong>Platonis</strong></span> <span class='ocrx_word' id='word_1_210' title='bbox 663 3226 797 3296; x_wconf 85' lang='lat' dir='ltr'><strong>dialogis,</strong></span> <span class='ocrx_word' id='word_1_211' title='bbox 823 3243 893 3295; x_wconf 88' lang='lat' dir='ltr'><strong>quos</strong></span> <span class='ocrx_word' id='word_1_212' title='bbox 916 3228 981 3295; x_wconf 88' lang='lat' dir='ltr'><strong>post</strong></span> <span class='ocrx_word' id='word_1_213' title='bbox 1003 3245 1113 3285; x_wconf 90' lang='lat' dir='ltr'><strong>annum</strong></span> 
     </span>
     <span class='ocr_line' id='line_1_30' title="bbox 98 3306 1116 3385; baseline 0.007 -19"><span class='ocrx_word' id='word_1_214' title='bbox 98 3313 334 3370; x_wconf 76' lang='lat' dir='ltr'><strong>Mocccnxxlv</strong></span> <span class='ocrx_word' id='word_1_215' title='bbox 356 3314 584 3385; x_wconf 88' lang='lat' dir='ltr'><strong>locupletissimis</strong></span> <span class='ocrx_word' id='word_1_216' title='bbox 603 3314 834 3370; x_wconf 90' lang='lat' dir='ltr'><strong>adnotationibus</strong></span> <span class='ocrx_word' id='word_1_217' title='bbox 854 3306 1005 3369; x_wconf 87' lang='lat' dir='ltr'><strong>instructos</strong></span> <span class='ocrx_word' id='word_1_218' title='bbox 1025 3317 1116 3373; x_wconf 88' lang='lat' dir='ltr'><strong>edon-</strong></span> 
     </span>
     <span class='ocr_line' id='line_1_31' title="bbox 99 3401 1116 3474; baseline 0.005 -18"><span class='ocrx_word' id='word_1_219' title='bbox 99 3403 149 3457; x_wconf 88' lang='lat' dir='ltr'><strong>dos</strong></span> <span class='ocrx_word' id='word_1_220' title='bbox 169 3401 289 3470; x_wconf 87' lang='lat' dir='ltr'><strong>curavit,</strong></span> <span class='ocrx_word' id='word_1_221' title='bbox 312 3403 400 3458; x_wconf 87' lang='lat' dir='ltr'><strong>utitur</strong></span> <span class='ocrx_word' id='word_1_222' title='bbox 423 3405 535 3474; x_wconf 89' lang='lat' dir='ltr'><strong>quidem</strong></span> <span class='ocrx_word' id='word_1_223' title='bbox 559 3401 676 3473; x_wconf 70' lang='lat' dir='ltr'><strong>(iubeto,</strong></span> <span class='ocrx_word' id='word_1_224' title='bbox 704 3403 753 3457; x_wconf 90' lang='lat' dir='ltr'><strong>sed</strong></span> <span class='ocrx_word' id='word_1_225' title='bbox 776 3402 930 3458; x_wconf 89' lang='lat' dir='ltr'><strong>desultoria</strong></span> <span class='ocrx_word' id='word_1_226' title='bbox 948 3404 981 3457; x_wconf 92' lang='lat' dir='ltr'><strong>ut</strong></span> <span class='ocrx_word' id='word_1_227' title='bbox 999 3404 1116 3461; x_wconf 87' lang='lat' dir='ltr'><strong>videtur</strong></span> 
     </span>
     <span class='ocr_line' id='line_1_32' title="bbox 80 3489 864 3564; baseline 0.006 -25"><span class='ocrx_word' id='word_1_228' title='bbox 80 3505 190 3554; x_wconf 77' lang='lat' dir='ltr'><strong>opera:</strong></span> <span class='ocrx_word' id='word_1_229' title='bbox 211 3509 233 3544; x_wconf 75' lang='grc' dir='ltr'><strong>ν,</strong></span> <span class='ocrx_word' id='word_1_230' title='bbox 253 3489 295 3543; x_wconf 87' lang='lat' dir='ltr'><strong>ad</strong></span> <span class='ocrx_word' id='word_1_231' title='bbox 313 3491 395 3564; x_wconf 77' lang='lat' dir='ltr'><strong>Gorg.</strong></span> <span class='ocrx_word' id='word_1_232' title='bbox 416 3498 469 3549; x_wconf 84' lang='grc'><strong>493</strong></span> <span class='ocrx_word' id='word_1_233' title='bbox 484 3490 518 3549; x_wconf 89' lang='lat' dir='ltr'><strong>A.</strong></span> <span class='ocrx_word' id='word_1_234' title='bbox 537 3490 683 3546; x_wconf 87' lang='lat' dir='ltr'><strong>Menexen.</strong></span> <span class='ocrx_word' id='word_1_235' title='bbox 701 3495 753 3545; x_wconf 75' lang='lat'>‘248</span> <span class='ocrx_word' id='word_1_236' title='bbox 769 3490 792 3544; x_wconf 90' lang='lat' dir='ltr'><strong>A</strong></span> <span class='ocrx_word' id='word_1_237' title='bbox 811 3491 864 3545; x_wconf 86' lang='lat' dir='ltr'><strong>etc.</strong></span> 
     </span>
    </p>
   </div>
   <div class='ocr_carea' id='block_1_4' title="bbox 0 0 1212 3930">
    <p class='ocr_par' dir='ltr' id='par_1_4' title="bbox 0 0 1212 3930">
     <span class='ocr_line' id='line_1_33' title="bbox 0 0 1212 3930; baseline 0 0"><span class='ocrx_word' id='word_1_238' title='bbox 0 0 1212 3930; x_wconf 95' lang='lat' dir='ltr'><strong> </strong></span> 
     </span>
    </p>
   </div>
  </div>
 </body>
</html>
