2400 3930
126 181 170 246 56
536 180 726 237 IAMBLICHI

129 343 248 407 ἀιδίων
275 340 331 408 καὶ
353 346 505 428 μονίμων
528 342 740 429 ἀναψάμενος
767 352 827 410 τοῦ
855 347 934 428 βίου
961 346 1020 422 τάς
1043 344 1094 429 ἀρχ

127 447 225 533 ὁρμεῖ
239 447 294 514 καὶ
314 453 349 534 ζῇ
368 446 445 514 καθ’
469 447 596 515 ἑαυτόν.
634 452 703 514 ἔστι
721 447 783 534 μὲν
798 445 860 515 οὖν
875 453 1062 536 θεωρητική
1081 453 1094 534 lg

126 555 146 637 ἡ
167 553 337 640 ἐπιστήμη,
356 553 490 641 παρέχει
509 550 539 621 δ’
556 555 636 640 ἡμῖν
653 557 691 621 τὸ
710 557 928 642 δημιουργεῖν
946 552 1017 622 κατ’
1039 557 1094 621 αὐτ

127 663 264 727 ἀπαντα.
297 663 407 743 ὥσπερ
420 661 484 745 γάρ
498 660 519 744 ή
535 664 611 739 ὄψις
624 664 775 747 ποιητική
794 659 856 746 μὲν
869 659 926 727 καὶ
940 663 1094 746 δημιουργ

100 767 267 843 εούδενός
289 765 359 831 ἐστι
383 765 502 852 (μόνον
526 768 589 853 γάρ
613 768 715 850 αὐτῆς
737 770 838 854 ἔργον
861 765 931 832 ἐστὶ
953 770 992 833 τὸ
1016 771 1094 854 κρίνε

126 870 181 937 καὶ
205 873 332 956 δηλοῦν
355 870 495 938 ἕκαστον
518 883 584 937 τῶν
606 871 761 960 ὁρατῶν),
783 873 865 957 ἡμῖν
888 871 925 939 δὲ
948 874 1079 959 παρέχει

126 979 282 1064 πράττειν
300 1002 332 1043 τι
347 972 391 1044 δι’
410 979 514 1063 αὐτήν
532 977 588 1044 καὶ
606 983 729 1063 βοηθεῖ
744 980 827 1065 πρὸς
845 981 904 1057 τὰς
917 980 1050 1066 πράξεις
1061 979 1094 1063 ήμ

127 1087 167 1150 τδι
194 1084 331 1171 μέγιστα
358 1084 494 1171 (σχεδὸν
522 1088 585 1169 γάρ
614 1086 764 1170 ἀκίνητοι
791 1089 960 1163 παντελῶς
989 1086 1030 1151 ἀν
1051 1080 1094 1168 είμ

128 1191 345 1276 στερηθέντες
363 1191 489 1278 αὐτῆς),
514 1192 601 1256 οὕτω
625 1193 729 1275 δῆλον
747 1192 798 1257 ὅτι
816 1189 870 1257 καὶ
888 1201 947 1275 τῆς
967 1192 1094 1274 έπιστήμ

87 1316 114 1356 ιο
128 1302 334 1379 θεωρητικῆς
362 1296 465 1379 οὔσης
492 1300 594 1381 μυρία
621 1298 806 1382 πράττομεν
828 1296 899 1363 κατ’
926 1299 1032 1382 αὐτήν
1054 1299 1094 1381 ὅμι

127 1400 231 1484 ήμεῖς,
246 1399 300 1465 καὶ
315 1402 354 1466 τά
368 1398 429 1485 μὲν
443 1403 656 1487 λαμβάνομεν
670 1405 710 1467 τά
725 1401 762 1468 δὲ
776 1404 945 1489 φεύγομεν
960 1417 1027 1470 τῶν
1040 1426 1094 1488 πρα

129 1506 252 1591 μάτων,
275 1505 330 1571 καὶ
354 1507 438 1584 ὅλως
460 1507 568 1572 πάντα
590 1509 630 1573 τά
653 1508 766 1592 ἀγαθά
789 1504 832 1575 δι’
855 1511 961 1595 αὐτήν
981 1513 1094 1595 κτῶμελ

218 1613 275 1680 ΧΙ.
289 1611 359 1678 Ὅτι
376 1616 494 1679 τοίνυν
512 1625 582 1692 τοῖς
600 1612 770 1699 ἑλομένοις
788 1617 847 1682 τὸν
865 1619 947 1682 κατά
966 1626 1049 1683 νοῦν
1065 1615 1094 1700 ll

128 1714 184 1783 καὶ
201 1720 237 1782 τὸ
254 1721 311 1801 ζήν
324 1718 431 1802 ήδέως
445 1720 586 1805 μάλιστα
604 1720 753 1807 ὑπάρχει,
772 1723 875 1806 δῆλον
890 1721 932 1789 ἀν
945 1717 1094 1807 γένοιτοέ

90 1845 116 1887 15
130 1831 260 1889 τεῦθεν.
297 1828 451 1910 φαίνεται
466 1828 582 1904 διττῶς
600 1825 759 1910 λέγεσθαι
776 1828 814 1892 τὸ
836 1831 903 1912 ζῆν,
926 1831 964 1894 τὸ
984 1827 1044 1914 μὲν
1061 1849 1092 1892 κα

130 1931 276 2015 δύναμιν
294 1933 331 1997 τὸ
351 1930 388 1998 δὲ
408 1931 479 1998 κατ’
498 1933 681 2020 ἐνέργειαν·
702 1933 832 2019 δρῶντα
845 1935 909 2019 γάρ
929 1929 1020 2000 εἷναί
1035 1955 1094 2019 φαμ

130 2038 192 2103 ὅσα
214 2061 249 2102 τε
272 2040 338 2122 ἔχει
360 2048 428 2102 τῶν
448 2035 539 2125 ζῴων
558 2041 638 2118 ὄψιν
661 2037 716 2104 καὶ
736 2040 861 2105 δυνατά
878 2038 1028 2124 πέφυκεν
1046 2041 1094 2104 lla

129 2144 192 2210 κάν
215 2145 343 2229 μάοντα
365 2146 524 2230 τυγχάνῃ,
547 2142 603 2210 καὶ
625 2146 665 2209 τά
688 2146 841 2231 χρώμενα
863 2155 903 2231 τῇ
926 2147 1094 2232 δυνάμεικ

129 2250 384 2336 προσβάλλοντα
405 2252 468 2334 τήν
491 2253 580 2329 ὄψιν.
619 2252 742 2335 ὁμοίως
760 2249 797 2317 δὲ
815 2251 925 2318 καὶτὸ
945 2253 1094 2320 ἐπίστασθ

90 2353 184 2420 εοκαλ
212 2356 249 2418 τὸ
277 2355 492 2437 γιγνώσκειν,
524 2356 562 2419 ἓν
589 2353 651 2439 μὲν
677 2359 715 2422 τὸ
742 2364 889 2444 χρῆσθαι
918 2355 974 2423 καὶ
1002 2367 1094 2440 θεωρι

130 2458 285 2543 λέγομεν,
317 2460 355 2523 ἓν
388 2456 425 2525 al
452 2462 489 2525 τὸ
516 2470 697 2545 κεκτῆσθαι
727 2464 789 2548 τήν
820 2464 965 2548 δύναμιν
997 2463 1051 2530 καὶ
1077 2483 1094 2524 ν

131 2566 313 2651 ἐπιστήμην
341 2568 436 2650 ἔχειν.
483 2568 514 2632 εί
538 2569 656 2633 τοίνυν
687 2577 732 2657 τῷ
760 2567 822 2652 μὲν
852 2572 1075 2637 αἰσθάνεσθαι

132 2679 189 2758 ζήν
218 2676 433 2760 διακρίνομεν
460 2670 515 2739 καὶ
544 2675 580 2739 τὸ
608 2675 653 2758 μή
683 2679 756 2759 ζῆν,
788 2677 825 2741 τὸ
854 2671 885 2741 δ’
918 2676 1094 2743 αίσῶάνεσλ

132 2782 254 2864 διττόν,
277 2783 400 2867 κυρίως
423 2777 485 2865 μὲν
507 2781 545 2845 τὸ
563 2787 709 2867 χρῆσθαι
727 2792 798 2859 ταῖς
819 2784 1018 2867 αἰσθήσεσιν
1037 2782 1093 2848 ἀλλ

91 2905 117 2946 ετ
132 2883 169 2952 δὲ
192 2887 229 2951 τὸ
256 2887 425 2952 δύνασθαι
448 2885 580 2974 (διόπερ
603 2885 713 2972 φαμέν
737 2889 962 2954 αἰσθάνεσθαι
986 2912 1065 2952 *ιι*
1086 2907 1094 2947 ι

220 3083 255 3135 23
265 3095 324 3148 sqq.
344 3078 379 3133 af.
399 3077 483 3134 Arist.
502 3077 571 3149 Top.
591 3082 653 3134 Εῖ,
671 3079 746 3150 129¹),
756 3085 790 3135 33
799 3098 857 3149 sqq.

129 3189 344 3200 —————-

141 3318 146 3328 γ,
221 3263 236 3310 2
259 3251 345 3325 ὁρμεῖ
362 3254 475 3310 Vitelli:
498 3250 571 3324 ὁρμά
589 3257 632 3326 118
657 3248 736 3325 εἶμεν
759 3273 856 3342 apogr.
876 3257 993 3326 Franeq.
1014 3259 1086 3313 teste

131 3345 202 3395 ημεν
216 3327 226 3394 ΙΙ
240 3332 274 3380 24
292 3323 324 3380 τὸ
343 3326 408 3380 ania
427 3326 550 3395 χρῆσθαι
569 3327 598 3381 et
616 3331 650 3380 25
669 3329 734 3381 ante
753 3329 899 3382 δυναοθαι
917 3329 1030 3398 scripsit
1048 3328 1085 3382 K:

132 3397 279 3480 utrobique
293 3399 302 3465 11
316 3402 349 3451 25
370 3397 436 3451 anie
453 3397 503 3451 καὶ
521 3395 650 3451 lacunam
669 3397 770 3454 statuit
782 3398 882 3454 Vitelli
899 3399 1065 3468 explendam
1084 3392 1094 3448 l

131 3465 201 3536 (nal
220 3485 270 3520 τον
289 3465 461 3538 ἐγρηγορότα
480 3463 597 3522 καὶτὸν
611 3465 804 3538 καθεύδοντα,
824 3466 872 3523 aa
891 3465 922 3524 τὸ
939 3466 1085 3525 δύνασθαι

114 3539 259 3606 αιδθησιν
274 3534 468 3611 μεταβάλλειν
488 3533 719 3612 αἰσθάνεσθαι).
747 3607 750 3611 ι
