2400 3930
366 148 754 222 PROTREPT1cUs(0.v).
1027 151 1070 218 33

45 313 142 402 αὐτῷ
176 313 439 399 κυβερνώμενοι.’
485 314 583 397 δηλοῖ
614 311 651 379 δὲ
682 311 737 378 καὶ
764 313 782 379 ὁ
811 316 914 399 νόμος
950 315 1001 380 ὅτι
1033 319 1071 381 τὸ

48 427 209 485 τοιοῦτον
227 422 394 503 βούλεται,
411 427 492 484 πᾶσι
507 430 577 496 τοῖς
595 419 632 484 έν
651 428 690 504 τη
708 422 803 484 πόλει
822 418 990 506 ξύμμαχος
1009 423 1071 487 ών·

52 525 109 592 καὶ
132 527 246 610 ἡτῶν
267 527 398 591 παίδων
421 525 520 612 ἀρχή,
541 528 579 591 τὸ
603 527 647 610 μή
671 525 730 592 έάν
749 524 950 612 ἐλευθέρους
974 521 1071 611 εἶναι,

57 631 117 711 ἕως
140 631 184 700 άν
207 632 244 698 έν
267 632 381 709 αὐτοῖς
403 632 513 718 ὥσπερ
538 631 574 697 έν
598 634 693 697 πόλει
717 635 888 698 πολιτείαν
911 635 1071 717 καταστή-

61 754 178 824 σωμεν,
196 736 253 804 καὶ
270 741 307 804 τὸ
322 738 494 823 βέλτιστον
513 740 780 825 θεραπεύσαντες
798 751 866 805 τῶν
884 737 962 827 παρ’
980 740 1099 824 ήμῑν,ι

64 846 163 933 τούτφ
186 844 518 929 ἀντικαταστήσωμεν
542 846 676 929 φύλακα
703 845 821 929 ὅμοιον
844 844 900 911 καὶ
927 848 1073 933 ἀρχοντα

10 948 99 1015 *nv
120 938 222 1041 αὐτῷ,
251 948 308 1017 καὶ
335 953 408 1018 τότε
437 951 478 1034 δή
503 951 685 1036 ἐλεύθερον
708 950 859 1035 ἀφίεμεν.
906 953 1031 1018 οὐκοῦν
1055 954 1073 1018 ό

71 1079 101 1138 γε
126 1067 208 1124 νούν
235 1061 322 1144 έχων
348 1058 456 1123 πάντα
486 1058 527 1122 τά
559 1057 663 1122 αὐτού
695 1059 745 1134 είς
774 1065 872 1122 τοῦτο
903 1058 1074 1136 ξυντείνας

76 1164 227 1249 βιώσεται,
258 1176 395 1252 πρῶτον
423 1161 484 1249 μὲν
517 1166 697 1249 μαθήματα
728 1175 833 1249 τιμῶν
861 1162 882 1227 ά
914 1164 1073 1248 τοιαύτην

78 1267 162 1336 αὐτοῦ
183 1272 244 1354 τήν
267 1272 380 1356 ψυχήν
402 1269 636 1356 ἀπεργάσεται,
664 1270 704 1334 τά
728 1266 765 1334 δὲ
791 1270 874 1334 άλλα
898 1269 1072 1355 ἀτιμάζων,
1088 1292 1114 1330 10

80 1375 169 1442 ἔπειτα
194 1378 256 1462 τήν
283 1385 344 1442 τοῦ
371 1376 522 1461 σώματος
550 1375 619 1454 ἕξιν
650 1373 705 1441 καλ
736 1377 867 1462 τροφήν
896 1377 957 1462 οὐχ
985 1377 1074 1454 ὅπως

80 1487 108 1564 τῇ
125 1485 283 1570 θηριώδει
306 1481 361 1549 καλ
385 1483 494 1571 ἀλόγφ
517 1483 624 1568 ἡδονή
648 1482 824 1568 ἐπιτρέψας
852 1483 1000 1548 ἐνταῦθα
1023 1507 1073 1549 τε-

10 1631 13 1661 ;
82 1589 242 1674 ιραμμένος
265 1592 365 1674 ζήσει,
388 1586 460 1655 ἀλλ’
484 1585 564 1655 οὐδὲ
586 1590 670 1674 πρὸς
689 1588 807 1672 ὑγείαν
826 1586 968 1672 βλέπων,
993 1586 1073 1654 οὐδὲ

82 1701 157 1760 τοῦτο
173 1697 380 1783 πρεσβεύων,
400 1696 488 1772 ὅπως
504 1697 640 1781 ἰσχυρὸς
657 1695 678 1779 ή
697 1695 794 1779 ὑγιής
812 1695 833 1779 ή
852 1697 951 1772 καλὸς
970 1698 1072 1779 ἔσται,

10 1782 21 1881 J
83 1792 126 1862 ἐάν
144 1803 185 1886 μή
207 1799 264 1868 καλ
287 1803 521 1888 σωφρονήσειν
549 1801 651 1887 μέλλῃ
682 1799 737 1866 ἀπ’
764 1801 888 1866 αὐτῶν·
919 1797 994 1867 ἀλλ’
1022 1799 1073 1866 ἀεὶ
1088 1821 1113 1862 ιι

10 1886 16 1898 ’
83 1901 128 1985 τήν
149 1908 183 1972 ἐν
209 1915 256 1995 τῷ
287 1908 414 1993 σώματι
445 1907 610 1992 ἁρμονίαν
637 1916 694 1991 τής
722 1906 759 1972 έν
787 1916 826 1992 τῇ
855 1916 944 1994 ψυχή
977 1907 1073 1973 ἕνεκα

84 2001 253 2096 λυμφωνίας
280 2013 524 2100 ἁρμοττόμενος
551 2025 720 2099 φανεῖται,
754 2013 875 2097 ἐάνπερ
903 2012 1005 2099 μέλλη
1033 2022 1072 2097 τῇ

23 2175 26 2195 ;
84 2108 200 2208 ἀληθείη
228 2123 387 2205 μουσικὸς
413 2115 510 2186 εἶναι.
555 2121 681 2186 οὐκοῦν
708 2117 763 2185 καὶ
790 2120 851 2202 τήν
874 2118 911 2185 έν
938 2128 977 2203 τή
1006 2130 1073 2184 τῶν

10 2258 25 2319 ,ρ
84 2227 236 2309 χρημάτων
264 2229 376 2311 κτήσει
406 2225 565 2304 σύνταξιν
598 2227 660 2292 οὐκ
692 2228 738 2302 είς
771 2227 910 2311 άπειρον
938 2224 1073 2309 αὐξήσει

10 2315 13 2405 J
58 2321 225 2417 L&wsspomwc
254 2335 339 2399 κακά
367 2337 468 2420 έχων,
502 2327 573 2399 ἀλλ’
605 2332 803 2417 ἀποβλέπων
832 2333 916 2419 πρὸς
947 2334 1009 2416 τήν
1036 2332 1073 2398 έν
1088 2355 1114 2395 ιο

85 2424 166 2526 ἑαυτῷ
189 2444 367 2514 πολιτείαν
382 2437 439 2506 καὶ
457 2439 646 2524 φυλάττων,
670 2442 714 2523 μή
734 2462 765 2504 τι
783 2446 950 2526 παρακινῇ
969 2439 1074 2506 αὐτοῦ

14 2594 25 2636 5
83 2546 133 2606 τῶν
157 2545 224 2612 έκεϊ
250 2548 306 2612 διά
335 2552 465 2631 πλῆθος
493 2546 609 2623 οὐσίας
636 2545 657 2630 ή
686 2542 730 2611 δι’
762 2545 952 2629 ὀλιγότητα,
986 2547 1073 2611 οὐτω

10 2683 24 2743 η
84 2651 233 2738 κνβιρυών
252 2655 439 2739 προσθήσει
454 2650 510 2718 καλ
528 2652 694 2718 ἀναλώσει
711 2661 769 2736 τῆς
788 2651 904 2727 οὐσίας
922 2655 1073 2717 καθόσον

57 2743 115 2813 Ιίἂν
132 2750 196 2837 οἷός
214 2783 263 2825 τε.
305 2759 388 2825 ἀλλά
410 2761 476 2843 μήν
498 2757 554 2824 καλ
576 2759 671 2844 τιμάς
699 2783 736 2842 γε
769 2760 815 2834 είς
844 2757 966 2822 ταύτὸν
994 2756 1073 2823 άπο-

10 2894 24 2955 η
82 2853 190 2931 βλέπων
215 2875 284 2932 τῶν
307 2863 368 2951 μὲν
390 2864 521 2951 μεθέξει
550 2863 649 2949 ἑκών,
680 2863 719 2942 ἃς
742 2863 783 2929 ἀν
807 2870 917 2946 οἴηται
947 2863 1071 2949 ἀμείνω
1087 2885 1113 2926 ιι

17 2998 23 3052 ;
83 2961 163 3036 αὐτὸν
188 2975 358 3057 ποιήσειν,
390 2973 447 3049 τάς
477 2969 513 3037 δὲ
545 2970 699 3056 φεύξεται
732 2972 801 3058 ἰδίᾳ
833 2969 889 3036 καὶ
918 2971 1072 3058 δημοσίᾳ,

83 3059 167 3144 ἃβάν
193 3077 312 3164 ,ήγήται
339 3079 455 3145 λύσειν
482 3079 544 3161 τήν
573 3078 789 3164 ὑπάρχουσαν
816 3077 893 3156 ἕξιν.
940 3074 995 3141 καὶ
1023 3074 1074 3142 ένλ

17 3216 19 3235 1
83 3169 215 3259 δηλονότι
256 3192 301 3274 τῷ
336 3185 443 3249 πάντα
479 3185 519 3249 τά
556 3185 640 3250 ἀλλα
680 3183 968 3249 ἀνταλλάσσεσθαι
1005 3183 1073 3249 ἐπι-

82 3291 202 3373 λθγήσει
225 3289 301 3368 ἑνὸς
322 3292 444 3357 τούτου
467 3293 584 3375 μόνου,
607 3298 668 3355 τοῦ
688 3292 856 3376 φρόνησιν
874 3290 1072 3376 κτήσασθαι,

83 3391 272 3417 N...-

150 3453 165 3502 3
189 3443 241 3504 δάν
265 3443 434 3518 ἐλευθέρως
454 3447 514 3502 PK:
538 3440 747 3517 ἀνελευθέρους
769 3449 780 3517 ΙΙ
801 3453 817 3501 5
841 3448 878 3536 τρώ
902 3443 972 3516 παρ’
996 3446 1074 3536 ήμζν,

82 3511 178 3589 τλιούτφ
188 3520 213 3573 Ρ
221 3521 237 3589 β
248 3525 266 3574 8
278 3520 309 3574 ολ
321 3525 354 3574 21
365 3514 457 3577 αὐτού
471 3521 481 3594 ss
495 3526 532 3578 24
546 3517 607 3588 οἷός
621 3515 644 3578 τ’
665 3509 714 3595 {ff
727 3521 791 3594 ήθθ)
807 3515 976 3575 αὐτουῖἚι
989 3539 1093 3571 αὐτου,

10 3568 21 3645 ί
109 3607 237 3657 Humum
245 3618 386 3664 Puowm.
927 3615 949 3660 ὃ
