2400 3930
488 157 702 214 PRAEFATIO.
1067 159 1106 214 IX

86 323 127 386 in
156 321 307 386 Platonis
344 320 424 385 loeis
461 323 591 385 tantum
628 324 685 384 aut
720 320 756 384 in
788 318 1103 406 Pseudoarchytae¹)

83 428 285 512 fragmentis
308 426 536 511 reperirentur.

158 532 249 608 Quae
282 531 412 596 silentio
444 531 598 615 praeterii
628 552 668 594 ne
697 532 942 597 adnotationem
970 532 1104 614 script-

82 661 202 704 rarum
221 636 309 702 haud
324 636 404 702 satis
418 637 637 721 probabilium
652 636 816 722 farragine
831 659 1008 722 onerarem,
1025 637 1104 702 item

83 744 336 812 observationes
355 745 388 806 et
407 742 648 807 emendationes
667 765 747 827 quas
762 743 838 808 dum
852 742 905 808 hic
919 744 1001 808 liber
1015 744 1104 828 typis

82 849 337 917 describebatur¹
357 848 396 912 H.
420 847 534 912 Vitelli
557 870 682 914 mecum
705 849 968 933 communicavit,
996 850 1105 914 omnia

82 958 232 1042 denique
256 978 337 1040 quae
361 955 566 1021 retractanda
586 955 772 1020 viderentur
791 942 947 1021 coniciam
966 955 1104 1020 nuncin

339 1166 524 1232 Addenda
548 1171 585 1231 et
609 1166 858 1252 Corrigenda.

164 1307 195 1361 P.
208 1312 257 1376 7,2
280 1306 385 1361 ‘Verba
403 1302 497 1367 πάσας
515 1302 547 1359 δὲ
566 1305 700 1367 παιδείας
714 1304 738 1358 si
753 1306 875 1361 auctoris
890 1307 980 1362 nostri
993 1306 1023 1361 in
1038 1308 1104 1362 scri-

83 1396 186 1452 bendo
199 1393 347 1464 diligentia
361 1394 436 1448 esset
450 1393 547 1460 maior,
562 1392 682 1447 delenda
692 1395 845 1448 censerem’
856 1394 883 1447 K
896 1398 905 1465 ΙΙ
918 1414 945 1465 p.
959 1402 999 1464 10,
1011 1401 1026 1451 5
1040 1395 1104 1464 lege

84 1483 125 1540 τὰ
141 1480 229 1554 μικρὰ
242 1485 252 1552 l
264 1501 291 1553 p.
304 1487 345 1549 14,
358 1487 390 1536 11
411 1483 446 1537 de
464 1501 490 1537 v.
507 1477 694 1552 ἐπεισοδιώδη
713 1483 886 1551 (coniectura
905 1499 968 1538 eam
982 1483 1106 1539 assecuti

86 1574 175 1628 erant
195 1571 424 1626 Hemsterhnsius
449 1572 478 1625 et
500 1569 604 1626 Christ.
629 1570 743 1628 Godofr.
763 1571 876 1643 Mtiller)
899 1572 935 1626 cf.
957 1571 1103 1628 Iamblich.

88 1680 137 1730 ap.
158 1659 236 1714 Stob.
256 1659 313 1714 Ecl.
328 1657 355 1712 Π
370 1664 394 1727 8,
409 1664 426 1713 4
445 1659 481 1728 (v.
496 1657 523 1712 II
540 1677 569 1729 p.
586 1663 644 1726 175,
659 1665 676 1712 4
695 1659 860 1729 Wachsm.).
886 1660 1041 1730 Friedlein‚
1060 1661 1104 1716 In-

87 1751 148 1805 dex
173 1748 210 1802 ad
227 1749 317 1804 Prool.
340 1748 371 1801 in
389 1746 497 1802 Euclid.
518 1765 538 1801 s.
557 1765 584 1804 v.
604 1749 692 1801 Busae
715 1749 802 1817 praef.
827 1748 856 1804 in
875 1750 1009 1819 Porphyr.
1029 1750 1104 1820 Isag.

89 1859 121 1909 p.
136 1836 199 1891 VII.
232 1833 391 1904 ἐπονοιώδη
416 1835 566 1904 scripserat
582 1835 608 1888 K
627 1835 661 1890 de
681 1836 819 1906 Scaligeri
837 1838 999 1893 coniectura
1018 1835 1105 1909 (insc-

86 1922 182 1994 σιαὶδη
199 1923 281 1978 Laur.
297 1929 340 1992 88,
355 1928 389 1976 29
408 1923 438 1977 et
451 1921 487 1992 A)
502 1924 511 1992 l
524 1941 552 1992 p.
569 1927 610 1992 15,
626 1929 660 1978 18
680 1927 708 1978 et
728 1931 800 1993 18,ss
821 1925 958 1995 ‘paenitet
970 1944 1016 1982 me
1030 1945 1103 1984 nunc

90 2012 198 2069 futtilis
214 2011 398 2081 coniecturae,
414 2028 470 2082 qua
481 2011 601 2067 Crotone
612 2009 724 2066 saniora
744 2013 828 2068 verba
843 2011 958 2081 φύσεων
972 2016 1003 2070 et
1016 2013 1104 2084 φύσιν

89 2100 266 2158 attrectavi’.
287 2099 386 2155 Vitelli
399 2103 409 2171 l
422 2119 449 2170 p.
466 2106 508 2168 18,
523 2106 558 2155 20
576 2096 751 2171 πράγμασιν]
770 2103 895 2156 οιαιιιοιιι
913 2104 945 2156 ia
960 2105 1041 2158 rebus
1054 2107 1104 2160 ho-

87 2192 184 2247 menis
202 2191 231 2244 et
247 2190 282 2244 N.
299 2188 450 2244 Scutellius
467 2188 555 2244 vertit
574 2188 619 2258 (de
634 2191 711 2244 secta
720 2188 803 2258 Pyth.
813 2207 840 2258 p.
852 2192 909 2257 28);
929 2190 978 2260 qui
997 2192 1104 2261 codice,

87 2281 124 2334 ut
142 2277 263 2346 videtur,
282 2293 340 2332 non
357 2277 514 2347 spernendo
533 2295 599 2331 usus
619 2278 757 2346 quaedam
777 2295 810 2333 ex
823 2277 1000 2350 Protreptico
1014 2280 1104 2337 latine

88 2365 231 2436 excerpsit
252 2365 282 2420 in
306 2365 379 2420 libro
404 2365 452 2434 qui
475 2364 637 2420 inscribitur
661 2367 773 2422 ‘iambi
798 2368 830 2422 de
852 2368 967 2439 Myster.
986 2370 1103 2442 Aepypt.

87 2457 144 2511 etc.
166 2454 282 2509 Nicolao
300 2453 431 2509 Scatellio
453 2456 606 2523 interprete.
643 2455 754 2510 Adiectc'
776 2457 809 2511 de
830 2458 889 2512 cita
912 2464 939 2513 et
957 2464 1029 2514 secta
1047 2460 1102 2531 Py-

85 2547 221 2613 ttayorae
244 2541 385 2608 Florenti,
410 2545 444 2598 ab
470 2545 559 2598 eodem
582 2544 712 2599 Scalellio
735 2561 768 2600 ea
791 2546 851 2614 apso
875 2547 1028 2602 Iamblicho
1051 2550 1104 2604 col·

87 2632 164 2688 lecti'
186 2631 302 2700 (Romae
320 2647 344 2685 a.
362 2633 442 2700 loto)
464 2633 474 2701 {l
495 2649 523 2700 p.
540 2636 582 2700 18,
598 2637 631 2687 17
661 2632 748 2687 verba
770 2633 819 2688 nol
843 2629 1039 2705 ἐπεσημήνατο
1058 2637 1104 2692 vel

87 2720 208 2790 propter
235 2735 410 2774 communem
438 2719 558 2774 formam
581 2722 711 2790 suspecta
734 2738 791 2776 non
813 2721 930 2790 respicit
951 2722 1050 2779 Iambl.
1074 2725 1104 2779 in

87 2807 279 2878 explicatione
297 2826 324 2876 p.
341 2813 387 2878 19,
404 2813 437 2863 18
452 2826 492 2877 sq.
516 2811 526 2877 l
548 2827 575 2877 p.
592 2815 670 2877 18,?
696 2809 862 2864 ‘Schneider
884 2810 914 2864 in
938 2811 1029 2866 lexico
1053 2829 1104 2868 suo

164 2971 192 3036 1)
209 2968 349 3036 Archytae
372 2967 540 3037 philosopho
564 2965 717 3023 Tarentino
739 2967 926 3024 adscribenda
949 2988 1009 3026 esse
1032 2989 1104 3040 quae

88 3074 123 3112 ex
148 3055 220 3112 libro
240 3055 311 3124 Περὶ
336 3057 439 3124 σοφίας
462 3055 626 3110 adferuntur
648 3058 706 3125 (pp.
723 3058 838 3125 les-24)
861 3056 1033 3126 fragmenta,
1055 3060 1104 3115 vix

90 3145 149 3202 erit
171 3144 221 3213 qui
240 3144 344 3199 credat.
382 3142 411 3198 Si
430 3145 492 3212 quis
510 3144 594 3199 aliter
612 3147 738 3214 censeat,
756 3161 807 3215 per
824 3161 869 3199 me
887 3145 956 3200 licet
972 3145 1105 3204 restituat

88 3233 216 3291 doricam
230 3233 382 3287 dialectum
396 3231 508 3301 qualem
518 3231 658 3302 Archytae
672 3232 877 3288 restituendam
891 3231 971 3288 ducit
979 3234 1104 3292 Blassius

87 3324 118 3379 in
130 3323 278 3391 menopes
288 3320 387 3376 Graux
400 3341 427 3391 p.
439 3326 489 3376 573
501 3339 561 3391 sqq.
585 3321 646 3391 Ego
660 3323 759 3377 contra
771 3323 843 3377 bene
856 3323 959 3378 multas
973 3323 1104 3396 vulgares

85 3411 195 3468 formas
208 3407 351 3480 patienter
365 3410 426 3479 tuli,
446 3410 495 3464 sed
514 3410 544 3464 in
562 3413 660 3480 aperto
679 3412 776 3466 estne
795 3412 976 3480 personatum
991 3413 1103 3483 quidem

86 3501 244 3569 Archytam
263 3499 347 3552 modo
368 3493 431 3553 ἐνιί
444 3499 529 3556 modo
549 3493 610 3556 ἐστι’
625 3497 749 3557 scribere
766 3499 908 3570 potuisse.
