2400 3930
345 153 619 211 PROTREPTICUS
639 159 672 226 (ο.
688 155 757 224 XV).
1020 157 1060 221 79

77 307 265 383 ἀναδόντα
294 315 416 394 αύτούς
445 316 634 401 ὀνομάζειν,
662 318 745 404 άπερ
774 317 896 406 ὁρῷεν;
925 318 1060 402 ἀνάγκη.

66 420 101 482 »τί
113 419 151 502 δ’;
171 426 202 489 εί
217 421 274 488 καὶ
292 423 361 507 ἠχὼ
384 424 422 487 τὸ
446 423 674 509 δεσμωτήριον
692 422 728 488 έκ
745 433 807 489 τοῦ
829 421 899 489 κατ’
922 424 1062 509 ἀντικρὺ

77 524 133 612 ἔχοι,
149 529 244 595 ὁπότε
261 552 312 606 τις
329 538 396 594 τῶν
414 531 605 615 παριόντων
624 528 817 613 φθέγξαιτο,
837 535 901 595 οῖἐι
919 529 961 597 ἀν
980 533 1061 598 ἀλλο

76 652 98 696 τι
114 636 223 713 αύτούς
244 635 401 719 ἡγεῖσθαι
422 637 460 700 τὸ
477 638 720 727 φθεγγόμενον
741 635 762 720 ἢ
785 637 847 719 τὴν
873 647 1062 723 παριοῦσαν

75 742 160 822 τοίας
192 739 295 808 οὐδὲν
327 743 416 807 ἀλλο.
462 741 650 807 παντάπασι
684 742 725 826 δη
757 737 819 807 οὖν
851 743 887 807 oc
915 753 1089 810 τοιοῦτοιε

75 845 118 912 οὐκ
136 847 173 914 ἀν
196 850 278 914 άλλο
300 871 333 913 τι
355 850 522 933 νομίζοιεν
545 850 582 913 τὸ
606 845 730 932 ἀληθὲς
752 848 772 932 ἣ
796 851 854 926 τάς
876 860 944 915 τῶν
967 867 1062 917 σκευ-

75 965 159 1021 αστῶν
180 955 283 1032 σκιάς.
319 955 425 1037 πολλὴ
444 953 581 1038 ἀνάγκη.
618 957 735 1020 σκόπει
753 949 816 1020 οὖν
835 955 946 1020 αὐτῶν
964 957 1063 1023 λύσιν

74 1060 160 1127 τεκαὶ
183 1067 275 1127 ἴασιν
297 1070 364 1126 τῶν
387 1083 422 1126 τε
446 1061 578 1144 δεσμῶν
599 1058 656 1126 καὶ
683 1069 741 1144 της
768 1060 977 1146 ἀφροσύνης,
1008 1063 1063 1127 οία
1129 1100 1131 1106 ·

74 1183 107 1242 τις
124 1166 161 1233 ἀν
183 1173 251 1252 είη,
281 1170 313 1232 εί
337 1170 438 1253 φύσει
464 1167 576 1232 τοιάδε
604 1165 782 1252 ξυμβαίνοι
810 1167 934 1244 αὐτοῖς·
966 1167 1063 1232 ὁπότε
1170 1242 1173 1247 .

74 1290 108 1347 τις
126 1276 244 1358 λυθείη
276 1262 332 1338 καὶ
364 1273 580 1356 ἀναγκάζοιτο
612 1272 770 1358 ἐξαίφνης
799 1272 1005 1339 ἀνίστασθαί
1028 1296 1064 1338 τε
1078 1293 1104 1333 10

73 1375 111 1440 καλ
132 1380 301 1465 περιάγειν
326 1381 387 1444 τὸν
415 1377 538 1462 αὐχένα
569 1377 626 1444 καὶ
658 1380 805 1462 βαδίζειν
833 1377 888 1444 καὶ
917 1381 1000 1466 πρὸς
1026 1383 1063 1446 τὸ

75 1492 124 1562 φύς
144 1484 358 1569 ἀναβλέπειν,
385 1487 493 1551 πάντα
517 1482 679 1552 δὲταῦτα
702 1497 808 1551 ποιῶν
832 1486 931 1569 ἀλγοῖ
951 1509 986 1550 τε
1008 1484 1064 1551 καὶ

75 1585 112 1652 διά
138 1595 192 1669 τάς
229 1593 447 1677 μαρμαρυγὰς
483 1591 646 1658 ἀδυνατοῖ
679 1599 832 1678 καθορᾶν
869 1591 978 1657 ἐκεῖνα
1015 1587 1063 1657 ὧν

75 1695 125 1762 τότε
148 1700 205 1776 τάς
228 1700 322 1776 σκιάς
345 1697 446 1784 ἑώρα,
476 1700 512 1762 τί
536 1697 578 1762 ἀν
602 1705 665 1764 οίει
688 1699 791 1764 αὐτὸν
814 1700 934 1780 εἰπεῖν,
963 1702 997 1762 εί
1014 1721 1065 1775 τις

77 1799 141 1892 αὐτῷ
158 1804 252 1890 λέγοι
270 1805 321 1870 ὅτι
335 1807 408 1869 τότε
426 1800 489 1888 μὲν
504 1803 590 1890 ἑώρα
609 1808 784 1890 φλυαρίας,
803 1813 868 1869 νῦν
887 1801 924 1869 δέ
938 1807 1065 1888 μᾶλλόν
1079 1821 1106 1861 1⁵

77 1925 98 1969 τι
112 1909 269 1998 ἐγγυτέρω
293 1918 353 1976 τοῦ
376 1912 473 1988 ὄντος
494 1907 655 1997 καὶπρὸς
677 1916 805 1996 μᾶλλον
823 1913 904 1975 ὄντα
927 1933 1064 1996 τετραμ-

66 2011 151 2095 ηιίνος
186 2018 371 2104 ὀρθότερον
403 2016 534 2101 βλέποι,
570 2015 626 2083 καὶ
661 2018 702 2101 δὴ
739 2014 794 2082 καὶ
825 2016 965 2083 ἕκαστον
996 2027 1064 2082 τῶν

78 2127 240 2208 παριόντων
273 2126 405 2201 δεικνὺς
437 2124 525 2211 αὐτῷ
558 2124 736 2207 ἀναγκάζοι
767 2123 900 2209 ἐρωτῶν
929 2122 1064 2204 ἀποκρί-

78 2236 176 2296 νασθαι
199 2231 218 2296 δ
241 2253 274 2294 τι
296 2228 401 2309 έστίν;
430 2230 491 2295 οὐκ
514 2236 577 2295 οίει
600 2230 703 2295 αὐτὸν
727 2229 864 2315 ἀπορεῖν
886 2252 921 2294 τε
944 2227 987 2293 ἀν
1009 2226 1065 2292 καὶ

79 2325 207 2411 ἡγεῖσθαι
234 2337 274 2401 τά
301 2339 374 2401 τότε
398 2335 550 2421 ὁρώμενα
573 2335 822 2421 ἀληθίστεραῆ
850 2338 976 2401 τὰνῦν
1000 2336 1065 2401 δει-
1080 2357 1106 2394 ιο

79 2440 213 2524 λιύμενα;
246 2442 377 2518 πάντως
406 2443 524 2525 δήπου.
571 2443 696 2508 οὐκοῦν
724 2441 787 2507 κάν
815 2444 846 2507 εί
875 2443 957 2527 πρὸς
985 2441 1065 2506 αὐτὸ

80 2539 105 2603 1¹⁰
128 2558 192 2631 φῶς
223 2546 402 2630 ἀναγκάζοι
433 2548 536 2613 αὐτὸν
569 2546 718 2631 βλέπειν,
752 2531 865 2630 ἀλγεῖν
892 2572 927 2612 τε
957 2547 999 2612 ἀν
1025 2550 1066 2612 τά

70 2640 181 2747 ,ὄμματα
211 2651 267 2719 καὶ
299 2655 437 2738 φεύγειν
468 2653 763 2739 ἀποστρεφόμενον
794 2654 877 2737 πρὸς
909 2653 1017 2717 ἐκεῖνα
1045 2653 1065 2716 δ

66 2745 193 2824 ἱδύναται
211 2767 378 2846 καθορᾶν,
406 2758 461 2825 καὶ
488 2763 635 2844 νομίζειν
651 2767 764 2824 Ιταῦτα
790 2766 836 2845 τῷ
865 2759 937 2822 όντι
963 2757 1065 2842 σαφέ-

84 2867 154 2947 moa
184 2878 251 2932 τῶν
285 2865 527 2950 δεικνυμένων;
565 2866 596 2931 εί
630 2862 667 2930 δὲ
699 2863 858 2930 έντεύθεν
894 2863 984 2928 ἕλκοι
1016 2888 1066 2942 τις
1079 2883 1106 2923 τε

86 2959 159 3033 αὐτόν
194 2972 251 3060 βία
288 2973 344 3037 διὰ
379 2975 531 3056 τραχείας
567 2980 624 3055 τῆς
655 2969 847 3053 ἀναβάσεως
878 2967 933 3036 καὶ
965 2970 1065 3035 ἀνάν-

86 3080 149 3154 τολδ,
168 3073 288 3161 καὶεμη
312 3075 405 3160 ἀνείη
427 3074 508 3163 πρὶν
529 3076 732 3155 ἐξελκύσειεν
756 3078 802 3152 είς
824 3077 861 3140 τὸ
885 3084 944 3140 τοῦ
967 3075 1064 3158 ἡλίου
1089 3095 1093 3102 ’

89 3181 146 3260 θῶς,
165 3181 354 3248 ὀδυνᾶσθαί
373 3205 407 3247 τε
430 3181 471 3247 ἀν
494 3181 549 3248 καὶ
572 3182 769 3267 ἀγανακτεῖν
794 3180 986 3266 ἕλκόμενον;
1010 3179 1066 3246 καὶ

90 3320 269 3354 χ...-

93 3497 112 3550 τ,
155 3446 228 3502 Sola
246 3450 256 3518 ΙΙ
276 3453 291 3501 9
311 3445 338 3502 εί
354 3445 414 3534 Ριξε
433 3444 450 3516 ἡ
469 3448 478 3515 ΙΙ
497 3452 531 3499 14
551 3447 623 3537 oi'njl
642 3451 675 3501 15
695 3440 939 3534 fffflfflflf’fb
953 3447 1010 3515 [120
1031 3443 1066 3500 τά

104 3518 135 3558 ⁰²⁸
146 3508 195 3572 PA:
213 3517 248 3573 τά
266 3537 296 3572 τε
308 3520 320 3586 β
334 3524 367 3573 27
385 3538 423 3571 αν
441 3520 486 3587 είη
499 3520 510 3589 ΙΙ
523 3521 558 3574 28
576 3516 656 3594 <αρα
672 3515 759 3593 ουχὶ)
778 3519 947 3573 οδυνοιοθυι
962 3517 990 3568 k
1000 3515 1084 3568 οιῖ.
