2400 3930
122 138 165 201 68
530 131 721 187 IAMBLICHI

121 320 234 374 τοντες
259 301 346 378 ζῶσι,
369 298 498 380 χαίρειν
522 297 669 371 εἰπόντες
692 295 733 360 ού
755 295 837 359 κατὰ
856 295 897 358 τά
916 294 1000 359 αύτά
1018 316 1119 379 πορει

124 426 217 469 ονται
241 403 369 484 αὐτοῖς,
393 401 437 478 ὡς
461 400 522 466 οὐκ
545 402 671 466 είδόσιν
695 401 758 486 ὅπη
786 403 956 485 ἔρχονται,
981 400 1073 466 αὐτοὶ
1099 405 1119 467 δ

122 511 305 595 ἡγούμενοι
328 508 369 574 οὐ
393 509 465 573 δεῖν
484 507 617 594 ἐναντία
639 515 678 591 τῇ
701 509 885 594 φιλοσοφίᾳ
904 508 1058 592 πράττειν
1079 532 1117 572 κα

122 626 161 702 τῇ
195 616 322 701 ἐκείνης
349 616 443 679 λύσει
474 637 509 679 τε
541 612 597 679 καὶ
628 619 790 702 καθαρμῷ
824 615 927 699 ταύτη
961 612 1119 700 τρέπονται

97 723 233 808 υέκείνη
267 721 440 805 ἑπόμενοι,
476 711 497 805 ᾗ
536 719 644 804 ἐκείνη
681 719 867 803 ὑφηγεῖται.
912 722 1119 804 γιγνώσκουσι

123 830 187 913 γάρ
212 829 248 892 οί
267 832 468 913 φιλομαθεῖς
489 827 541 891 ὅτι
558 829 797 912 παραλαβοῦσα
817 825 929 891 αὐτῶν
947 828 1014 910 την
1027 827 1115 911 ψυχὴν

123 935 144 1019 ἡ
169 937 352 1021 φιλοσοφία
375 933 518 1018 ἀτεχνῶς
542 929 780 1017 διαδεδεμένον
804 931 841 997 έν
863 940 909 1019 τῷ
935 935 1057 1017 σώματι
1073 927 1113 997 καὶ

124 1038 473 1128 προσκεκολλημένην,
500 1037 770 1123 ἀναγκαζομένην
798 1034 835 1103 δὲ
858 1039 971 1125 ὥσπερ
995 1037 1036 1105 δι’
1060 1036 1114 1121 ἕργ-

125 1158 191 1232 μοῦ
219 1150 275 1213 διὰ
301 1149 423 1213 τούτου
452 1152 650 1211 σκοπεῖσθαι
676 1146 717 1209 τά
747 1146 827 1210 ὄντα
855 1144 939 1210 ἀλλὰ
966 1148 1010 1230 μὴ
1032 1143 1114 1224 αὐτὴν

86 1272 111 1310 10
127 1251 170 1317 δι’
199 1252 313 1334 αὑτῆς,
346 1251 401 1315 καὶ
433 1251 471 1316 έν
497 1252 586 1335 πάση
614 1251 744 1338 ἀμαθίᾳ
770 1251 1048 1336 κνλινδονμένην,
1073 1242 1116 1314 καὶ

124 1365 185 1420 τοῦ
204 1354 329 1441 έργμοῦ
347 1356 409 1439 την
429 1357 602 1438 δεινότητα
620 1359 803 1422 κατιδοῦσα
822 1357 872 1422 ὅτι
892 1355 937 1422 δι’
961 1355 1118 1440 ἐπιθυμίας

126 1463 231 1544 ἐστίν,
261 1461 305 1537 δος
333 1459 374 1525 ἀν
403 1461 543 1546 μάλιστα
572 1460 671 1537 αὐτὸς
699 1461 716 1527 ὁ
744 1460 919 1547 δεδεμένος
947 1463 1118 1547 ξυλλήττορ

127 1574 177 1652 είη
208 1576 253 1656 τῷ
287 1565 461 1650 δεδέσθαι,
489 1602 526 1614 -
554 1567 634 1653 ὅπερ
667 1562 729 1633 οὖν
760 1567 860 1652 λέγω,
894 1571 1119 1653 γιγνώσκουσιν

127 1676 163 1739 οί
192 1680 393 1760 φιλομαθεῖς
425 1674 475 1739 ὅτι
513 1674 599 1739 ούτω
636 1679 874 1759 παραλαβοῦσα
905 1676 926 1760 ἡ
959 1670 1119 1762 φιλοσοφέν

87 1800 112 1839 15
128 1783 270 1866 ἔχουσαν
303 1781 414 1845 αὐτῶν
443 1780 505 1864 την
531 1781 642 1865 ψυχὴν
675 1777 780 1865 ἠρέμα
811 1789 1053 1867 παραμυθεῖται
1076 1767 1119 1844 κοί

128 1889 221 1953 λύειν
246 1887 412 1972 ἐπιχειρεῖ,
436 1885 672 1971 ένδεικννμένη
697 1887 747 1951 ὅτι
771 1886 896 1971 ἀπάτης
915 1886 1021 1973 <μέν>
1039 1879 1119 1974 μεστά

112 1993 148 2077 ἡ
177 1995 233 2058 διὰ
263 2003 331 2058 τῶν
364 1993 521 2078 ὀμμάτων
551 1992 679 2077 σκέψις,
712 1992 839 2076 ἀπάτης
870 1992 908 2059 δὲ
937 1994 959 2078 ἡ
988 1998 1042 2061 διὰ
1068 2003 1119 2058 τῦῖ

128 2102 223 2166 ὤτοιν
255 2098 311 2164 καὶ
346 2111 414 2165 τῶν
446 2101 557 2166 ἀλλων
590 2102 796 2183 αίσθησεων,
832 2103 1001 2168 πείθουσα
1037 2098 1070 2168 δὲ
1094 2096 1119 2163 έι

127 2207 256 2271 τούτων
284 2202 345 2288 μὲν
374 2205 559 2291 ἀναχωρεῖν
588 2206 670 2271 ὅσον
692 2207 736 2290 μὴ
768 2206 894 2292 ἀνάγκη
923 2209 1037 2287 αὐτοῖς
1061 2207 1119 2293 χροΐ

90 2331 116 2370 νο
131 2318 224 2392 σθαι,
244 2310 349 2391 αὐτὴν
369 2307 406 2373 δὲ
425 2312 472 2386 είς
491 2311 596 2394 αὐτην
611 2311 829 2395 ξυλλέγεσθαι
847 2312 903 2379 καὶ
922 2314 1119 2401 ἀθροίζεσθιτ

128 2413 433 2499 παρακελευομένη,
470 2418 638 2482 πιστεύειν
671 2416 708 2483 δὲ
740 2419 859 2503 μηδενὶ
891 2422 980 2510 ἀλλφ
1015 2417 1081 2487 ἀλλ’
1108 2413 1119 2482 i

130 2521 234 2604 αὐτην
267 2518 365 2603 αὑτῇ,
396 2521 414 2584 ὅ
442 2543 474 2584 τι
502 2520 544 2587 ἀν
566 2526 671 2610 νοηση
702 2525 785 2609 αὐτη
817 2524 896 2591 καθ’
928 2528 1033 2612 αὑτὴν
1060 2525 1119 2592 αύτι

128 2624 207 2693 καθ’
236 2625 317 2690 αὑτὸ
344 2635 412 2692 τῶν
436 2628 561 2713 ὄντων,
589 2631 607 2694 ὅ
635 2654 666 2695 τι
695 2627 725 2694 δ’
752 2631 793 2696 ἀν
822 2631 865 2697 δι’
897 2634 1010 2699 ἀλλων
1037 2639 1119 2715 σκοπι]

129 2735 166 2801 έν
190 2737 302 2810 ἀλλοις
325 2732 365 2798 δν
388 2735 485 2819 ἀλλο,
513 2733 619 2820 μηδὲν
645 2737 802 2820 ἡγεῖσθαι
830 2738 967 2822 ἀληθές·
996 2736 1118 2806 εἷναιδ

90 2859 116 2899 25
130 2843 167 2905 τὸ
191 2839 252 2924 μὲν
274 2849 430 2905 τοιοῦτον
453 2842 618 2926 αίσθητύν
639 2866 675 2907 τε
702 2841 757 2908 καὶ
786 2843 922 2929 ὁρατόν,
951 2845 969 2911 δ
998 2844 1036 2911 δὲ
1059 2844 1119 2910 αύτῑ

130 2947 192 3033 ὁρᾷ
216 2947 339 3028 νοητόν
366 2970 401 3012 τε
427 2944 482 3011 καὶ
510 2946 626 3026 ἀειδές.
671 2951 773 3035 ταύτη
803 2945 865 3016 οὖν
892 2959 931 3036 τῇ
960 2953 1054 3018 λύσει
1081 2950 1118 3016 ού

130 3050 266 3137 οἰομένη
299 3052 371 3116 δεῖν
402 3051 641 3118 ἐναντιοῦσθαι
667 3054 687 3137 η
716 3064 778 3120 τοῦ
811 3056 855 3132 ὡς
887 3056 1023 3140 ἀληθῶς
1049 3062 1119 3143 φιλο

130 3163 240 3243 σόφου
263 3158 352 3242 ψυχὴ
377 3158 482 3235 οὕτως
509 3157 661 3244 ἀπέχεται
687 3171 755 3226 τῶν
778 3161 912 3245 ἡδονῶν
934 3186 970 3229 τε
996 3163 1053 3245 καὶ
1076 3164 1119 3230 ἐπι

220 3424 236 3470 5
256 3414 350 3488 ἐκείνη
368 3421 517 3490 utrobique
531 3427 571 3492 118
590 3425 619 3476 et
640 3429 670 3477 11
692 3421 807 3494 είργμοῦ
822 3425 844 3478 Ρ
857 3427 866 3494 ΙΙ
882 3431 915 3479 16
934 3426 986 3492 μὲν
1006 3428 1075 3482 exP
1094 3427 1119 3483 a(

122 3489 199 3542 didit
213 3489 246 3541 K
252 3491 269 3558 λ
279 3495 315 3545 20
333 3489 376 3556 είς
394 3487 487 3564 αὐτὴν
501 3495 560 3565 1122
580 3489 668 3565 “¹31le
686 3493 759 3562 αὐτή
774 3499 839 3565 W>
857 3493 951 3558 ἀειδές
971 3498 1027 3550 PA:
1048 3493 1118 3566 ἀηδέ
