2400 3930
121 143 163 208 νς
529 142 719 200 mmmmm

121 305 212 384 δεξιά
230 303 416 390 ἐλευθέρως
435 303 516 372 οὐδὲ
530 306 695 392 ἁρμονίαν
712 310 822 390 λόγων
841 310 1001 392 λαβόντος
1018 307 1042 384 ὀρ

120 413 267 496 ὑμνῆσαι
289 418 382 478 θεῶν
400 436 434 478 τε
457 410 512 479 καὶ
531 413 671 497 ἀνδρῶν
685 413 896 498 εὐδαιμόνων
919 417 994 498 βίον
1012 413 1042 478 ἀλ

123 513 214 604 οἶμαι
251 520 292 602 δὴ
326 513 403 602 οὖν,
441 520 473 584 εί
507 522 680 584 πείθοιντο
713 521 749 583 οί
781 521 960 605 ἅνθρωποι
994 543 1042 584 τοτ

123 628 261 692 πλείονα
293 624 336 691 ἀν
365 626 504 710 εἰρήνην
540 623 595 691 καὶ
630 627 714 691 κακά
750 625 873 691 ἐλάττω
909 621 981 692 κατ’
1014 651 1042 690 αι

98 736 272 799 5ἒσεσθαι.
315 733 356 796 τά
385 727 447 815 μὲν
475 727 537 797 οὖν
564 734 649 797 κακά
675 727 745 798 οὔτ’
776 730 962 799 ἀπολέσθαι
992 734 1042 797 δυι

126 837 343 926 (ὑπεναντίον
364 837 429 923 γάρ
448 859 479 902 τι
497 846 543 927 τῷ
563 838 681 926 ἀγαθῷ
701 836 751 904 ἀεὶ
775 834 861 904 εἶναι
884 837 1038 922 ἀνάγκη),

127 944 164 1011 έν
191 950 286 1022 θεοῖς
314 944 403 1011 αὐτά·
426 945 601 1030 ίδρύσθαι,
633 945 695 1028 τὴν
726 941 763 1009 δέ
789 946 922 1029 θνητὴν
952 946 1041 1029 φύσα

127 1052 225 1117 τόνδε
248 1052 309 1117 τὸν
331 1054 435 1117 νότον
457 1056 632 1136 περιπολεῖ
657 1049 690 1129 ἐξ
716 1050 869 1133 ἀνάγκης.
912 1051 965 1115 διὸ
988 1049 1041 1115 καὶ

129 1165 255 1240 ρᾶσθαι
267 1158 329 1242 χρὴ
345 1156 485 1222 ἐνθένδε
504 1156 608 1221 ἐκεῖσε
627 1157 765 1240 φεύγειν
782 1157 802 1221 ὅ
818 1179 850 1220 τι
867 1157 1013 1241 τάχιστα.

89 1281 115 1320 10
130 1259 168 1327 δὲ
185 1262 343 1346 ὁμοίωσις
360 1267 430 1348 θεῷ
445 1263 527 1326 κατά
545 1263 582 1325 τὸ
602 1263 764 1328 δυνατόν·
782 1261 941 1346 ὁμοίωσις
959 1260 996 1328 δὲ
1012 1265 1041 1327 δι’

129 1365 185 1432 καὶ
213 1367 309 1431 ὅσιον
339 1367 420 1450 μετά
452 1370 647 1452 φρονήσεως
678 1367 845 1450 γενέσθαι.
892 1368 975 1435 ἀλλὰ
1006 1372 1041 1453 γε’

130 1474 219 1539 πάνυ
243 1468 363 1560 ῥᾴδιον
385 1482 510 1555 πεῖσαι,
538 1474 583 1549 ὡς
605 1474 670 1558 ἀρα
694 1474 755 1559 οὐχ
779 1469 827 1541 ὧν
849 1473 947 1540 ἕνεκα
970 1475 1041 1540 οίπ

132 1597 215 1665 φασι
243 1581 315 1644 δεῖν
343 1581 509 1664 πονηρίαν
537 1576 599 1664 μὲν
622 1580 759 1665 φεύγειν
788 1579 908 1667 ἀρετὴν
932 1579 969 1646 δὲ
999 1584 1040 1647 διι

131 1687 261 1752 τούτων
288 1686 386 1773 χάριν
412 1687 449 1750 τὸ
478 1682 539 1771 μέν
565 1684 796 1770 ἐπιτηδευτέον
825 1689 862 1751 τὸ
887 1685 918 1752 δ’
946 1688 1040 1773 ού,ίι

93 1811 118 1850 1⁵
133 1793 177 1878 μὴ
200 1795 300 1870 κακὸς
322 1789 377 1857 καὶ
400 1792 456 1858 ἵνα
480 1791 608 1877 ἀγαθὸς
632 1793 713 1877 δοκῇ
737 1788 832 1859 εἶναι.
872 1803 975 1859 ταῦτα
999 1792 1040 1879 μδ

133 1899 223 1965 ἐστιν
251 1897 270 1964 ὁ
298 1900 475 1983 λεγόμενος
506 1909 620 1986 γραῶν
647 1899 769 1982 ὕθλος,
804 1901 848 1976 ὡς
876 1899 949 1984 έμοὶ
979 1908 1040 1986 φοί

132 2008 170 2072 τὸ
203 2002 240 2071 δέ
272 2003 396 2089 ἀληθὲς
428 2000 494 2072 ὧδε
524 2004 673 2090 λέγομεν.
718 2007 799 2082 θεὸς
830 2006 960 2091 οὐδαμῇ
994 2007 1040 2072 ούι

134 2114 264 2197 ἀδικος,
297 2109 368 2179 ἀλλ’
396 2113 441 2190 ὡς
468 2106 542 2178 οἷόν
568 2135 603 2177 τε
631 2113 853 2195 δικαιότατος,
883 2111 939 2177 καὶ
967 2114 1029 2179 οὐκ

136 2220 225 2306 αύτῷ
249 2219 445 2303 ὁμοιότερον
464 2214 565 2283 οὐδὲν
583 2217 603 2302 ἣ
623 2217 660 2294 ὁς
678 2217 720 2282 ἀν
740 2217 835 2301 ἡμῶν
854 2213 898 2282 αὖ
920 2217 1040 2301 γε’νητα

95 2339 121 2380 20
136 2326 352 2399 δικαιότατος.
397 2322 473 2405 περὶ
503 2331 603 2387 τοῦτο
630 2321 687 2388 καὶ
713 2324 733 2406 ἡ
763 2324 808 2400 ὡς
835 2323 970 2408 ἀληθῶς
999 2326 1035 2391 δε

136 2429 259 2512 ἀνδρὸς
285 2426 341 2493 καὶ
362 2427 383 2510 ἡ
408 2427 561 2492 οὐδένειά
583 2452 618 2494 τε
645 2427 700 2494 καλ
724 2429 897 2515 ἀνανδρία.
944 2430 965 2514 ἡ
996 2429 1039 2516 μὲν

135 2535 258 2599 τούτου
280 2543 404 2618 γνῶσις
427 2537 530 2619 σοφία
552 2512 612 2601 καί
631 2535 729 2621 ἀρετὴ
749 2536 906 2620 ἀληθινή,
928 2537 949 2621 ἡ
974 2535 1039 2603 δεῖ

136 2641 265 2727 ἀμαθία
287 2639 342 2708 καὶ
364 2644 462 2707 κακία
485 2641 639 2729 ἐναργής·
673 2644 709 2708 αί
730 2640 767 2707 δέ
791 2644 888 2708 ἀλλαι
911 2644 1039 2728 δεινότχ

137 2750 298 2815 δοκοῦσαι
330 2746 385 2814 καὶ
417 2751 535 2833 σοφίαι
567 2748 604 2814 ἐν
631 2746 692 2833 μέν
724 2755 907 2826 πολιτικαῖς
940 2752 1039 2816 δυνα(

96 2870 123 2911 25
136 2858 331 2940 γιγνόμεναι
354 2859 520 2941 φορτικαί,
543 2855 580 2921 ἐν
605 2853 642 2921 δὲ
664 2853 794 2940 τέχναις
812 2857 985 2939 βάναυσοι.
1023 2883 1039 2922 τ

137 2964 312 3028 ἀδικοῦντι
325 2959 380 3027 καὶ
400 2962 519 3027 ἀνόσια
537 2960 669 3046 λέγοντι
683 2961 704 3046 ἢ
719 2962 897 3048 πράττοντι
911 2972 1025 3051 μακρῷ

137 3075 203 3156 ἔχει
226 3071 318 3136 τιτὸ
341 3069 386 3154 μὴ
405 3078 591 3155 συγχωρεῖν
615 3069 715 3156 δεινῷ
738 3067 803 3133 ὑπὸ
822 3073 1030 3152 πανουργίας

138 3178 338 3261 ἀγάλλονται
361 3176 425 3261 γάρ
448 3182 493 3262 τῷ
514 3174 637 3240 ὀνείδει
660 3173 715 3239 καὶ
738 3179 866 3240 οίονται
885 3174 1022 3242 ἀκούειν

138 3286 238 3367 λῆροί
257 3285 334 3365 είσι,
356 3290 417 3367 γῆς
439 3281 545 3358 άλλως
564 3282 663 3365 ἀχθη,
687 3280 770 3346 ἀλλά
789 3282 909 3366 ἀνδρες
929 3282 1023 3359 οἴους

137 3424 350 3436 ρ..-

216 3515 251 3563 21
272 3503 422 3580 ἀνανδρία
442 3510 504 3565 ΡΑι
524 3505 647 3577 ἀνδρεία
659 3509 721 3577 W
740 3507 958 3561 δοαοὸοοιιῖει
975 3511 1038 3560 ὁονε
