2400 3930
134 156 174 211 IV
535 154 751 210 PRAEFATIO.

136 320 249 395 ζοντες
275 321 342 382 κτλ.
376 314 603 402 (difficillimis
632 317 963 401 contemplationibus
992 321 1156 405 occupati,

135 423 411 508 pulchritudinem
444 422 552 488 animo
584 421 765 487 intuentes’
799 419 886 507 etc),
919 425 1066 507 quamvis
1101 428 1155 491 vel

136 529 290 593 Arcerius
324 551 435 593 verum
468 528 611 594 vidisset
656 527 691 591 P.
717 530 794 612 116,
821 529 861 594 13
894 529 933 593 de
965 531 1155 598 coniectura

136 635 252 701 scribit
279 635 324 719 μὴ
352 642 504 719 παρορᾶν
531 635 576 698 τᾶ
604 633 816 718 ἀπολλύμενα
843 632 899 699 καὶ
923 636 1056 719 dccco„
1087 637 1155 703 ᾶτε

135 749 193 824 τῆς
221 749 282 806 τοῦ
309 743 437 824 κόσμον
461 744 528 804 κτλ.
535 787 545 822 ,
572 740 726 805 nimirum
755 741 832 825 quia
854 763 921 806 non
943 743 1155 810 intellexerat

135 847 309 930 participia
342 869 382 912 ex
414 847 512 912 verbo
544 855 696 930 παρορᾶν
729 844 764 934 (i.
792 846 967 934 περιορᾶν)
1000 850 1156 932 pendere.

137 951 170 1016 P.
189 953 261 1034 122,
275 953 318 1017 20
342 953 465 1017 addidit
488 956 564 1037 post
581 955 780 1038 μεταλαβεῖν
798 955 947 1018 voculam
966 951 1012 1037 ἐξ,
1037 953 1154 1038 ‘quum

137 1058 374 1142 δοκιμάζεσθαι
397 1081 463 1124 non
486 1082 559 1125 cum
583 1059 721 1142 simplici
745 1058 889 1144 genitivo
914 1061 1153 1126 construatur’!

137 1162 259 1229 Contra
269 1165 406 1249 p.57‚16
422 1166 509 1249 quod
522 1186 581 1249 pro
597 1165 736 1229 absurdo
751 1173 891 1248 ποιητοῦ
900 1165 1067 1231 verissime
1078 1189 1155 1232 con·

135 1269 256 1334 iecerat
269 1268 449 1335 Vulcanius
469 1267 582 1356 (immo
599 1267 807 1357 Anonymus)
825 1268 1013 1354 ποιητικοῦ,
1027 1274 1154 1356 sprevit

136 1374 318 1460 Kiessling,
351 1374 443 1441 ‘nam
474 1376 512 1440 τὸ
544 1375 685 1458 ποιητὸν
717 1397 959 1459 nonnumquam
987 1376 1073 1441 idem
1102 1385 1155 1444 est

136 1481 222 1566 quod
244 1482 281 1546 τὸ
305 1480 505 1567 ποιητικόν,
527 1502 631 1564 neque
653 1479 780 1545 felicius
803 1481 898 1566 p.34,
909 1483 952 1546 24
972 1503 1010 1546 ex
1029 1483 1154 1550 vitiosa

137 1587 402 1672 apographorum
426 1588 587 1671 scriptura
606 1587 643 1651 cl
660 1581 690 1650 δ’
708 1587 806 1651 ᾶλλαι
827 1587 885 1670 τὴν
905 1587 1016 1653 elicuit
1034 1588 1154 1673 αἰνὴν

107 1707 110 1715 “
136 1695 251 1778 ἄλλην,
275 1716 348 1759 cum
367 1694 487 1759 dudum
506 1715 575 1758 rem
590 1715 649 1759 acu
664 1693 829 1778 tetigisset
843 1693 996 1759 Vulcanii
1009 1693 1044 1778 (i.
1059 1695 1152 1760 Ano·

135 1797 243 1886 nymi)
268 1800 453 1865 coniectura
475 1800 513 1864 αλ
533 1794 578 1863 δι’
601 1799 682 1863 ᾶλλο
702 1796 751 1884 (at
769 1799 853 1863 ᾶλλα
872 1799 939 1864 cod.
958 1798 1064 1886 Flor.)
1078 1803 1154 1885 τὴν.

135 1905 272 1971 Accedit
300 1906 385 1990 quod
412 1910 446 1971 et
472 1906 554 1990 ipsis
582 1905 734 1970 subsidiis
763 1927 846 1989 quae
875 1905 915 1970 ad
938 1927 1070 1969 manum
1094 1907 1152 1972 ha-

135 2012 236 2096 beret,
255 2011 467 2077 Arcerianam
486 2012 557 2078 dico
577 2012 751 2077 editionem
765 2015 799 2075 et
814 2009 982 2076 Oizensem
997 2012 1152 2096 codicem,

136 2118 216 2184 satis
234 2118 444 2204 neglegenter
462 2141 540 2184 usus
560 2114 656 2202 est¹);
677 2138 780 2202 neque
795 2116 1012 2182 Parisiensem
1027 2117 1151 2184 librum

135 2223 206 2309 ipse
230 2224 312 2288 vidit
333 2245 437 2307 neque
461 2222 619 2308 Scaligeri
642 2221 899 2302 emendationes;
924 2222 980 2288 sed
1003 2245 1150 2305 perscru-

136 2332 228 2394 tatus
248 2331 298 2393 est
317 2327 466 2391 editionis
482 2327 677 2392 Aroerianae
697 2329 879 2412 exemplum
897 2330 932 2393 in
949 2329 1153 2395 bibliotheca

135 2433 275 2499 Senatus
297 2432 476 2515 Lipsiensis
504 2436 720 2518 asservatum,
751 2434 840 2499 cuius
871 2435 1072 2520 marginibus
1097 2436 1150 2502 vir

137 2540 268 2624 quidam
291 2539 406 2603 doetus
430 2538 605 2623 adscripsit
628 2561 710 2623 quae
731 2562 770 2605 ex
790 2541 897 2606 codice
916 2539 1096 2606 Parisiensi
1114 2543 1150 2606 in

134 2645 343 2711 Berolinense
373 2645 524 2710 editionis
554 2644 749 2712 Arcerianae
778 2648 961 2731 exemplum
988 2645 1149 2713 Nicolaus

135 2751 300 2838 Rigaltius
327 2751 543 2816 transtulerat
570 2747 611 2836 (v.
634 2751 824 2837 Kiesslingii
847 2750 986 2817 Praefat.
1009 2774 1041 2834 p.
1058 2751 1150 2838 XII).

133 2857 187 2922 Ita
209 2859 333 2923 factum
356 2859 408 2922 est
430 2859 467 2921 ut
490 2855 651 2921 interdum
670 2855 836 2942 Scaligero
856 2857 932 2921 libri
950 2856 1150 2924 Parisiensis

133 2963 268 3029 vitiosas
293 2963 470 3046 scripturas
494 2963 651 3028 tribueret
673 2961 737 3048 (ex.
760 2984 806 3048 gr.
830 2986 861 3047 p.
882 2964 961 3041 121,
984 2962 1024 3028 15
1047 2962 1150 3050 ὑπέρ-

131 3092 232 3135 τατον
255 3091 314 3153 pro
338 3063 422 3154 dato
445 3066 605 3155 πάντων),
629 3068 786 3155 Scaligeri
810 3073 919 3134 autem
943 3068 1150 3136 coniecturas

205 3229 231 3297 1)
255 3226 305 3280 Ex.
329 3243 370 3294 gr.
389 3243 418 3294 p.
435 3229 511 3293 15,ss
538 3227 616 3280 extat
638 3219 758 3294 ἡγεμόνι
780 3224 811 3280 in
834 3223 958 3279 editione
982 3224 1146 3296 Arceriana,

135 3316 243 3371 omittit
255 3312 447 3384 Kiesslingius'
459 3313 545 3369 etiam
563 3313 592 3368 in
611 3313 843 3384 interpretatione
861 3313 958 3370 latina.
987 3311 1028 3366 Dc
1044 3311 1150 3369 Codice

132 3405 241 3460 Cizcnsi
260 3403 294 3458 cf.
313 3403 414 3467 Nauck
432 3421 460 3473 p.
475 3403 522 3458 XL
537 3421 598 3473 sqq.
623 3405 652 3458 et
674 3419 747 3472 quae
770 3401 832 3470 ipse
854 3400 997 3471 disputavi
1015 3400 1045 3453 in
1065 3399 1150 3456 Com-

132 3491 250 3563 parettii
268 3492 342 3548 Mus.
362 3491 421 3545 ital.
441 3491 571 3546 d’aaticb.
592 3492 669 3547 class.
688 3490 714 3544 11
732 3509 758 3561 p.
774 3495 835 3545 466.
