2400 3930
127 201 189 264 118
537 198 726 254 IAMBLIOHI

125 360 384 447 φιλοσοφητέον·
414 361 534 447 ἀμοιβὴ
562 362 626 448 γάρ
649 385 699 439 τις
721 360 777 427 καὶ
800 361 1032 440 ἀνταπόδοσις
1056 363 1077 446 ἡ
1102 365 1142 428 δι-

124 470 297 554 καιοσύνη,
321 470 358 534 τὸ
376 468 558 547 πλεονάζον
576 466 631 534 καλ
651 464 779 545 ἐλλιπὲς
798 467 1078 534 ἀνταποδιδοῦσα
1102 467 1141 534 δι’

125 576 340 652 ἀντισῶσεως.
426 572 432 583 ’

87 692 112 747 κ’
217 684 262 747 Τὸ
291 679 327 746 δὲ
358 682 399 746 ἐν
427 678 504 768 ὁδῷ
533 684 582 766 μη
611 684 715 767 σχίζε
744 682 843 764 δηλοῖ
869 681 921 745 ὅτι
949 682 988 746 ἓν
1018 680 1081 767 μὲν
1108 686 1141 749 τὸ

97 788 264 872 τάληθές,
293 784 492 872 πολυσχιδὲς
520 784 557 853 δὲ
585 789 621 853 τὸ
650 788 787 865 ψεῦδος·
820 789 925 870 δῆλον
954 784 994 852 δὲ
1024 788 1061 854 ἐκ
1087 801 1143 856 τοῦ

124 898 161 961 τὸ
185 893 246 979 μέν
268 918 300 959 τι
328 894 469 960 ἕκαστον
492 905 644 980 μοναχῶς
666 892 824 977 λέγεσθαι
848 899 940 978 είπερ
966 894 1074 978 ὑγιῶς
1096 895 1142 962 λε’-

124 1026 233 1085 γοιτο,
261 1004 298 1067 τὸ
323 998 415 1067 δέτι
438 999 513 1086 οὐχὶ
536 1001 675 1066 ἕκαστον
703 998 851 1086 ἀπείροις
873 1003 1020 1085 τρόποις.
1068 1000 1143 1080 ὁδὸς

125 1111 166 1192 δὴ
199 1109 220 1192 η
253 1111 438 1192 φιλοσοφία
472 1110 566 1173 δοκεῖ
595 1103 689 1173 εἶναι.
741 1105 829 1189 λέγει
864 1101 927 1171 οὖν
960 1108 1015 1172 ὅτι
1048 1110 1143 1194 αίροῦ
1187 1165 1190 1172 .

125 1202 332 1297 φιλοσοφίαν
356 1214 488 1297 ἐκείνην
511 1212 566 1278 καὶ
584 1214 646 1297 την
666 1211 718 1279 ἐπὶ
738 1215 863 1298 σοφίαν
881 1212 976 1298 ὁδόν,
1002 1214 1041 1279 ἐν
1064 1205 1142 1301 ᾗού
1187 1220 1190 1227 ’

85 1345 110 1382 10
126 1322 249 1402 σχίσεις
277 1317 357 1383 οὐδὲ
385 1319 622 1403 άντιλεγύμενα
650 1322 873 1405 δογματίσεις,
906 1319 993 1385 ἀλλὰ
1022 1320 1143 1387 ἑστῶτα

123 1423 178 1490 καὶ
205 1426 246 1489 τά
274 1424 357 1489 αὐτά
385 1424 514 1501 ἑαυτοῖς
542 1425 707 1504 ἀποδείξει
737 1427 973 1512 ἐπιστημονικῇ
1006 1431 1143 1511 βεβαιω-

124 1532 228 1598 θέντα
253 1533 308 1597 διὰ
331 1533 539 1616 μαθημάτων
560 1531 614 1598 καὶ
633 1536 790 1619 θεωρίας,
814 1533 833 1598 ὅ
856 1532 925 1598 ἐστι
944 1537 1143 1619 Πυθαγορι-

124 1653 189 1718 κῶς
213 1642 401 1725 φιλοσόφει.
443 1640 583 1705 δύναται
608 1637 644 1705 δὲ
666 1643 730 1725 καί,
753 1678 791 1686 -
816 1639 928 1723 ἐπειδὴ
951 1638 972 1722 η
999 1641 1057 1705 διὰ
1079 1652 1143 1707 τῶν
1156 1659 1190 1701 ιο

125 1758 320 1831 σωματικῶν
347 1744 401 1811 καί
434 1748 605 1831 αίσδητῶν
637 1755 792 1832 χωροῦσα
825 1749 1027 1831 φιλοσοφία,
1060 1740 1082 1834 ᾖ
1115 1748 1147 1813 οί

85 1876 110 1916 15
125 1854 281 1938 νεώτεροι
313 1857 503 1939 κατακόρως
534 1864 679 1938 χρῶνται
711 1850 765 1918 καί
793 1853 853 1918 τὸν
884 1846 969 1918 θεὸν
1005 1852 1062 1919 καὶ
1090 1856 1146 1931 τὰς

124 1962 302 2044 ποιότητας
329 1957 395 2040 καὶΙ
410 1960 472 2043 τὴν
499 1960 611 2045 ψυχὴν
639 1957 775 2035 καὶτὰς
803 1958 919 2043 ἀρετάς
949 1957 1007 2024 καὶ
1036 1959 1146 2037 ἁπλῶς

124 2066 233 2131 πάντα
264 2067 304 2130 τά
332 2066 369 2131 ἐν
397 2078 466 2143 τοῖς
495 2061 592 2132 οὖσιν
620 2071 707 2131 αίτια
734 2066 921 2151 κυριώτατα
947 2071 1147 2151 ’νομίζοντες

126 2182 220 2255 σῶμα
248 2168 348 2255 εἶναι,
382 2172 601 2258 εὐολίσθητύς
631 2172 700 2238 ἐστι
727 2169 781 2236 καλ
810 2171 1070 2257 εὐανάτρεπτος,
1105 2175 1148 2251 ὡς

127 2279 289 2358 δηλοῦσιν
313 2277 432 2342 αἰτῶν
452 2280 645 2344 δοκούντων
668 2303 700 2343 τι
722 2276 832 2361 λίγειαι
852 2275 928 2363 περὶ
947 2278 1054 2363 αὐτῆς
1077 2301 1148 2345 ποι-

87 2408 113 2446 ιο
126 2382 301 2445 κιλῶταται
325 2380 556 2465 ἐπιχειρήσεις·
579 2385 599 2467 ἡ
624 2382 660 2449 δὲ
680 2384 778 2467 <διδι>
799 2394 867 2449 τῶν
886 2383 1075 2467 ἀσωμάτων
1095 2384 1147 2451 καὶ

126 2497 258 2569 νοητῶν
286 2486 398 2552 ἀύλων
425 2487 538 2553 τεκαὶ
562 2489 681 2555 άιδίων
703 2492 765 2575 την
792 2491 1008 2576 προχῶρησιν
1031 2510 1190 2558 ποιου-ιιι

127 2593 220 2679 με’νη,
244 2604 311 2659 τῶν
334 2618 369 2660 τε
393 2593 444 2661 ἀεὶ
466 2598 548 2661 κατά
571 2599 611 2661 τά
635 2597 719 2663 αὐτά
740 2596 796 2663 καὶ
819 2597 976 2673 ὡσαύτως
1001 2597 1148 2683 ἐχόντων

127 2700 181 2766 καλ
210 2699 371 2768 οὐδέποτε
403 2702 485 2770 ὅσον
518 2698 568 2769 ἐπ’
600 2704 713 2781 αὐτοῖς
746 2705 883 2790 φθορὰν
909 2703 930 2787 ἢ
959 2707 1148 2790 μεταβολὴν

128 2810 383 2896 ἐπιδεχομένου,
403 2810 501 2895 ὁμοία
518 2822 588 2889 τοῖς
606 2809 838 2896 ὑποκειμένοις
856 2810 1066 2902 ἀδιάπτωτος
1080 2813 1147 2879 ἐστι

87 2941 114 2982 ιι
127 2916 182 2981 καὶ
211 2918 390 3000 εύσταθης,
425 2916 558 3003 ἑδραίας
589 2915 643 2982 καί
675 2917 833 2994 άκλινοῦς
860 2916 1061 2997 ἀποδείξεως
1092 2921 1147 3002 δη-

128 3027 298 3108 μιουργός,
313 3063 355 3095 e
371 3026 592 3108 συμβουλεύει
614 3027 733 3088 τοίνυν
755 3023 836 3107 ημῖν
858 3025 896 3088 τὸ
920 3024 1146 3110 παράγγελμα,

128 3131 263 3196 ἐπειδάν
287 3136 526 3214 φιλοσοφῶμεν
550 3120 604 3195 καὶ
626 3130 688 3213 τὴν
707 3128 919 3214 δηλουμένην
938 3127 1021 3197 ὁδὸν
1041 3132 1146 3197 άνύω-

129 3262 201 3320 μεν,
226 3239 364 3320 φεύγειν
383 3233 444 3322 μὲν
462 3236 524 3319 την
546 3247 614 3301 τῶν
638 3246 833 3320 σωματικῶν
854 3233 910 3302 καὶ
932 3239 1145 3325 πολυσχιδῶν

130 3340 289 3427 ἐπιβολὴν
315 3343 370 3409 καὶ
398 3344 583 3427 ἀποδοχήν,
615 3349 913 3428 προσοικειοῦσδαι
942 3341 980 3409 δὲ
1009 3353 1050 3430 τῇ
1079 3355 1144 3408 τῶν

198 3577 235 3628 10
255 3575 367 3645 σχίσεις
387 3574 564 3633 Vulcanius:
587 3573 751 3644 σχίοιςλλῶο
772 3568 823 3623 διὰ
839 3566 1009 3621 amm.
1079 3617 1084 3627 ,
