2400 3930
130 197 174 260 54
539 193 730 249 IAMBLICHI

130 357 171 423 οὐ
193 359 257 440 γὰρ
278 359 386 441 δήπου
405 354 458 421 ἐπὶ
476 353 538 442 μὲν
557 356 761 439 ἀνθρώπους
778 354 1008 440 μιμουμένους
1026 357 1088 440 φύν

129 460 185 528 καὶ
216 464 373 547 δούλους,
405 466 484 540 τοὺς
512 460 549 529 δὲ
576 461 784 548 μαχομένους
815 459 871 526 καὶ
903 460 1064 545 θέοντας,

129 571 334 657 πορεύεσθαι
353 571 433 655 μετὰ
452 573 575 653 πολλῆς
595 570 744 653 σπουδῆς
761 567 858 633 ἕνεκα
874 576 936 633 τοῦ
955 570 1088 635 θεασασ

129 677 267 759 αὐτούς,
294 677 355 759 τήν
384 672 421 741 δὲ
449 685 516 740 τῶν
545 677 653 741 ὄντων
681 676 786 759 φύσιν
808 670 864 739 καὶ
892 675 955 759 τήν
985 674 1088 760 ἄλήθε

103 782 193 847 τούκ
216 787 349 848 οἴεσθαι
373 782 444 846 δεῖν
467 787 611 868 θεωρεῖν
634 780 760 866 ἀμισθί.
804 780 890 846 οὕτω
914 777 978 864 μὲν
997 777 1059 846 οὖν
1080 807 1088 845 ι

128 897 190 953 τοῦ
208 891 417 973 βουλήματος
430 897 488 974 τῆς
507 890 641 974 φύσεως
659 887 808 964 ἐπιόντες
824 885 1072 972 προετρέψαμεν

129 996 166 1060 τὸ
195 1005 336 1082 φρονεῖν
364 996 409 1073 ὡς
436 993 489 1061 έπὶ
517 994 648 1078 ἀγαθόν
674 1017 710 1058 τε
738 993 888 1078 ὑπάρχον
915 991 971 1058 καὶ
995 988 1039 1059 δι’
1063 1018 1088 1057 αι

129 1104 254 1186 τίμιον,
287 1100 350 1167 κᾶν
378 1099 483 1186 μηδὲν
511 1095 568 1165 ἄπ’
599 1101 704 1165 αὐτοῦ
730 1101 893 1186 χρήσιμον
920 1101 1071 1183 γίγνηται

130 1209 212 1288 πρὸς
234 1207 294 1272 τὸν
317 1207 536 1290 ἀνθρώπινον
558 1208 643 1288 βίον.

90 1332 117 1370 10
220 1311 259 1379 X.
293 1308 391 1376 Ἀλλδ
418 1311 484 1394 μήν
512 1311 563 1375 ὅτι
587 1309 703 1392 γεκαὶ
727 1311 888 1395 ὠφελείας
910 1313 969 1388 τὰς
991 1314 1088 1395 μεγίσι

128 1416 210 1500 ήμῖν
228 1417 311 1502 πρὸς
328 1417 389 1482 τὸν
407 1416 627 1502 ἀνθρώπινον
641 1419 718 1499 βίον
731 1415 907 1501 παρέχεται
920 1417 941 1500 ή
956 1423 1088 1501 θεωρήτι

129 1525 304 1610 φρόνησις,
326 1522 460 1609 εὑρήσει
477 1546 527 1599 τις
546 1521 670 1608 ῥᾳδίως
688 1522 752 1587 ἀπὸ
771 1533 839 1588 τῶν
857 1533 991 1608 τεχνῶν.
1032 1524 1088 1588 ὥστ

128 1633 192 1714 γὰρ
216 1641 289 1716 τῶν,
313 1633 436 1716 ἰατρῶν
465 1629 539 1694 ὅσοι
567 1627 690 1714 κομψοὶ
717 1626 773 1693 καὶ
799 1639 867 1694 τῶν
894 1627 971 1715 περὶ
997 1630 1056 1712 τήν
1077 1650 1088 1708 ρ

129 1739 313 1821 μναστικήν
330 1737 365 1802 οί
376 1742 525 1802 πλεῖστοι
544 1736 664 1821 σχεδὸν
683 1733 907 1818 ὁμολογοῦσιν
926 1736 978 1801 ὅτι
998 1736 1050 1800 δεῖ
1062 1755 1088 1798 το

89 1861 115 1902 15
129 1842 311 1928 μέλλοντας
343 1843 495 1926 ἀγαθοὺς
532 1844 667 1928 ίατροὺς
699 1845 836 1906 ἔσεσθαι
867 1840 923 1906 καὶ
955 1857 1088 1927 γυμνασι

128 1947 205 2033 περὶ
229 1951 361 2035 φύσεως
384 1949 560 2036 ἐμπείρους
583 1943 679 2030 εἶναι,
705 1947 791 2012 οὕτω
815 1945 869 2012 καὶ
892 1951 972 2025 τοὺς
994 1948 1088 2033 ἀγαθι

13 2062 16 2071 “
128 2054 316 2141 νομοθέτας
340 2055 516 2141 ἐμπείρους
539 2049 625 2120 εἶναι
648 2054 703 2117 δεῖ
722 2062 780 2136 τῆς
803 2053 951 2138 φύσεως,
981 2051 1035 2119 καὶ
1056 2073 1088 2118 τι

128 2187 167 2246 γε
198 2167 326 2247 μᾶλλον
363 2161 508 2228 ἐκείνων.
556 2163 591 2225 ολ
624 2157 686 2244 μὲν
718 2162 781 2242 γὰρ
813 2169 871 2243 τῆς
902 2169 963 2225 τοῦ
995 2161 1088 2244 σώμαι

130 2267 247 2352 ἀρετῆς
280 2269 344 2330 είσι
372 2264 570 2351 δημιουργοὶ
603 2268 724 2349 μόνον,
758 2266 793 2330 οί
823 2262 859 2331 δὲ
891 2263 968 2351 περὶ
999 2267 1088 2342 τδςι

89 2390 116 2430 2⁰
130 2380 238 2454 ψυχῆς
261 2371 377 2456 ιἰρετδις
400 2372 495 2448 ὄντες
517 2369 572 2436 καί
600 2370 675 2458 περὶ
698 2374 825 2448 πόλεως
852 2372 1088 2456 εὐδαιμονίαςι

130 2477 389 2560 κακοδαιμονίας
403 2476 551 2555 διδάξειν
563 2477 847 2564 προσποιούμενοι
861 2481 948 2543 πολὺ
961 2478 1001 2561 δή
1018 2479 1088 2562 μᾶλλ

129 2582 351 2665 προσδέονται
370 2586 583 2667 φιλοσοφίας.
623 2584 774 2670 καθάπερ
792 2585 856 2669 γὰρ
880 2583 917 2650 έν
935 2594 1007 2661 ταῖς
1030 2585 1086 2648 δίλλ

128 2690 261 2776 τέχναις
287 2701 359 2768 ταῖς
387 2692 639 2776 δήμιονργικαῖς
666 2689 730 2755 ἀπὸ
762 2700 819 2773 τῆς
849 2691 982 2774 φύσεως
1009 2691 1088 2776 εὕρή

130 2798 171 2862 τὰ
193 2796 347 2881 βέλτιστα
369 2808 437 2863 τῶν
461 2796 630 2882 ὀργάνων,
660 2788 734 2862 οἷον
758 2796 795 2862 ἐν
817 2804 987 2881 τεκτονική
1011 2796 1088 2861 στοίθ

89 2920 115 2962 25
130 2900 185 2968 καὶ
199 2903 312 2969 κανὼν
329 2902 385 2969 καὶ
402 2906 522 2989 τόρνος
535 2903 558 2986 †
572 2905 612 2968 τὰ
631 2899 691 2988 μὲν
710 2903 807 2969 ὕδατι
825 2902 880 2969 καί
900 2902 985 2988 φωτὶ
999 2902 1055 2968 καὶ
1072 2925 1089 2967 τ

130 3009 248 3094 αὐγαῖς
270 3020 337 3075 τῶν
361 3010 506 3075 ἀκτίνων
529 3008 742 3093 ληφθέντων,
764 3012 846 3093 πρὸς
869 3008 889 3073 δ
911 3012 1082 3095 κρίνοντες

129 3119 211 3183 κατὰ
234 3118 295 3202 τήν
324 3122 484 3199 αίσθήσιν
513 3116 635 3193 ίκανῶς
657 3115 744 3180 εὐθὺ
771 3112 827 3180 καὶ
856 3119 948 3182 λεῖον
971 3119 1088 3199 βασανί

130 3362 157 3413 p.
173 3279 225 3398 3310
234 3271 415 3398 δωυδήδέδ
430 3271 934 3414 δήμδῖδεδδιξθίήίιήεἱαήδδδιζᾱή
944 3271 1088 3413 {lma

128 3431 182 3467 scr.
201 3413 227 3466 Κ
247 3414 259 3482 ή
281 3420 314 3468 21
334 3410 462 3480 διδάξειν
481 3413 510 3468 in
529 3429 631 3485 marg,
653 3410 770 3480 ἐπάξειν
788 3414 818 3468 in
836 3415 916 3468 textu
939 3415 948 3483 ΙΙ
971 3419 1006 3468 25
1025 3410 1060 3468 τὰ
1079 3433 1088 3484 ς

116 3475 259 3562 (dm),
279 3481 334 3541 ένῖ
353 3484 469 3541 Vitelli:
490 3481 552 3558 [τὰ]
568 3480 598 3540 ἓν
610 3483 691 3539 Diffi
701 3487 762 3554 ήῖθ
778 3485 927 3552 ληφθέντα
939 3486 1088 3540 οοοίσοὶῖν

100 3555 245 3611 ειιωίλίῖεα
261 3557 298 3630 Κ,
322 3558 444 3629 scripsit
464 3560 568 3614 autem
586 3555 767 3626 ληφθεισῶν.
