2400 3930
158 172 220 236 122
562 172 754 228 IAMBLICHI

152 335 232 418 ἡμῖν
256 333 289 411 ἐξ
313 335 449 419 αἵματος
472 336 508 400 οί
527 331 589 418 μέν
611 336 745 418 ἔγγιστα
772 334 893 420 γένους
918 336 1004 403 είσίυ
1027 335 1140 422 ἀδελφά

151 437 206 505 καί
229 439 328 506 τέκνα
350 437 405 505 καὶ
424 450 545 523 γονεῖς,
564 440 706 518 ἐοικότες
722 451 793 519 τοϊς
812 441 948 528 μέρεσιν
966 444 1060 529 ἡμῶν
1080 445 1140 527 άπερ

152 545 378 632 ἀφαιρεθέντα
402 547 532 633 ἀλγημα
555 543 601 613 ὀὐ
622 550 660 613 τὸ
683 550 785 633 τυχὸν
809 549 945 635 παρέχει
971 549 1026 616 καὶ
1049 551 1141 616 κολοιί·

153 670 269 736 ρωσιν,
293 645 366 718 οἷον
390 654 546 719 δάκτυλοι
564 665 670 742 χεῖρες
688 651 755 720 ὦτα
774 652 829 739 ῥὶν
851 655 908 721 καὶ
934 658 976 722 τά
999 658 1101 741 ὅμοια·
1119 655 1143 721 ολ
1188 699 1196 733 r

125 755 183 825 ιδ’
211 759 242 837 ἐξ
267 759 495 843 ἀποστήματος
517 765 644 826 πολλοῦ
667 760 970 849 προσμκειωμένοι,
997 755 1069 828 οἷον
1088 763 1141 828 ἀνε
1189 808 1196 839 a

151 867 269 944 ψιάδαι
287 864 308 948 ἢ
327 863 569 950 πατραδέλφων
587 865 879 951 γαμβροντιδεῑςῆ
899 871 1051 934 τοιοῦτοί
1067 891 1141 949 τινες,
1192 913 1196 945 ;

151 972 299 1038 ἐοίκασιν
329 970 468 1038 ἑκάστου
495 972 590 1057 ἡμῶν
616 983 685 1049 τοῖς
712 971 846 1057 μέρεσιν
875 965 923 1039 ὧν
954 974 1142 1060 τεμνομένων

151 1080 289 1163 ἀλγησις
321 1078 460 1163 οὐδεμία
491 1081 722 1164 παραγίνεται,
755 1071 828 1144 οἷον
860 1078 954 1165 θριξὶ
984 1080 1042 1147 καὶ
1072 1078 1144 1158 όνυξι

150 1183 206 1249 καί
228 1197 298 1261 τοϊς
320 1185 456 1269 ὁμοίοις.
503 1187 708 1269 βουλόμενος
730 1179 792 1251 οὖν
816 1185 965 1265 ἐκείνους
987 1191 1067 1266 τοὺς
1086 1205 1146 1268 συγ·

112 1313 137 1351 10
151 1300 257 1372 γενεϊς
285 1291 433 1373 δηλῶσαι
460 1292 539 1366 τοὺς
565 1293 655 1375 παρά
681 1293 741 1356 τὸν
768 1293 871 1357 ἀλλον
897 1297 1024 1378 χρόνον
1049 1294 1148 1379 ἠμελη-

150 1394 273 1480 μένους
296 1396 353 1460 διὰ
375 1397 437 1478 τὴν
461 1394 659 1479 ἀπόστασιν,
686 1409 758 1474 τοῖς
780 1397 894 1476 ὄνυξιν
923 1400 1085 1486 ἐχρήσατο
1108 1395 1150 1464 καὶ

151 1498 234 1568 εἷπε·
258 1504 302 1588 μὴ
321 1501 502 1568 ἀποτίθεσο
520 1503 709 1567 παντάπασι
727 1504 878 1588 τούτους,
896 1502 969 1572 ἀλλ’
992 1509 1031 1572 ἔν
1049 1531 1086 1591 γε
1101 1513 1152 1570 θυ-

151 1613 248 1693 σίαις,
272 1611 304 1676 εί
324 1607 379 1673 καὶ
397 1617 442 1697 τῷ
464 1610 553 1696 ἀλλῳ
572 1611 682 1698 χρόνῳ
701 1612 998 1696 παρημελήθησαν,
1022 1615 1155 1698 πρόσαγε
1165 1620 1196 1669 εί]

151 1718 274 1795 αὐτοὺς
297 1723 407 1804 σαυτῷ
431 1714 487 1781 καὶ
510 1713 654 1780 ἀνανέον
677 1717 738 1800 τὴν
763 1718 956 1800 οἰκειότητα.

97 1830 140 1901 ιη’
243 1824 288 1888 Τὸ
313 1820 350 1889 δὲ
379 1821 513 1901 δεξιάν
541 1823 589 1906 μὴ
617 1820 733 1887 παντὶ
761 1822 906 1909 ῥᾳδίως
930 1826 1100 1908 ἔμβαλλε
1121 1825 1194 1908 μὴόλ

111 1952 136 1990 16
151 1932 246 2015 ὄρεγε
274 1928 398 2016 ῥαδίως
421 1926 505 2014 φησὶ
528 1927 655 2012 δεξιάν,
684 1926 833 1993 τουτέστι
860 1929 903 2014 μὴ
928 1929 1063 1996 ἀνάσπα
1085 1927 1160 2016 μηδὲ

151 2035 273 2120 ἀνιμᾶν
297 2036 453 2122 ἐπιχείρει
476 2036 588 2116 δεξιάν
611 2032 738 2120 ὀρέγων
759 2045 828 2113 τοῖς
847 2035 1092 2120 ἀνεπιτηδείοις
1112 2035 1160 2102 καί

151 2141 398 2226 ἀνοργιάστοις,
429 2144 478 2207 ἔτι
504 2140 540 2208 δὲ
569 2142 624 2206 διά
646 2141 878 2225 παιδευμάτων
906 2165 941 2206 τε
969 2142 1026 2208 καί
1056 2145 1161 2227 διδαγ-

150 2250 273 2330 μάτων,
298 2248 319 2311 δ
337 2253 448 2335 πολλῷ
468 2252 578 2336 χρόνῳ
598 2250 852 2333 δοκιμασδελσιν
871 2247 975 2327 ἀξίοις
998 2245 1088 2316 εἶναι
1108 2258 1162 2316 τοῦ

109 2356 136 2411 νο
150 2356 346 2435 μεταλαβεῖν
375 2354 564 2437 ἐγκρατείας
590 2348 625 2420 τε
652 2353 707 2445 καὶ
736 2363 932 2432 πενταετοῦς
960 2366 1089 2442 σιωπῆς
1113 2353 1161 2422 καί

149 2464 207 2539 τῆς
230 2458 332 2540 ἀλλης
355 2458 505 2540 βασάνου
528 2461 625 2542 μόγις
648 2462 787 2526 δίδοται.

95 2568 143 2628 κδ’
243 2565 289 2629 Τὸ
323 2560 360 2628 δέ
396 2564 633 2649 στρωμάτων
671 2566 901 2645 ἐξαναστάς
937 2570 1161 2636 σννέλισσε

75 2735 79 2746 l
150 2673 247 2738 αὐτὰ
269 2670 334 2738 καί
357 2673 425 2736 τὸν
448 2672 572 2737 τύπον
596 2676 842 2760 συνστόρννε
863 2683 963 2740 τοῦτο
982 2673 1162 2761 παραγγέλ-

149 2786 209 2863 λει,
235 2781 285 2845 ὅτι
309 2784 510 2864 φιλοσοφεῖν
533 2778 791 2864 ἐπιβαλλόμενος
814 2791 946 2865 νοητοῖς
970 2784 1092 2848 λοιπὸν
1113 2778 1163 2847 καί

108 2905 134 2945 ιτ
150 2886 336 2970 ἀσωμάτοις
354 2887 568 2970 προσοικείου
588 2889 738 2951 σεαυτόν.
785 2885 820 2951 ἐκ
842 2895 903 2952 τοῦ
922 2881 987 2952 οὖν
1009 2896 1070 2973 τῆς
1087 2887 1164 2972 ἀμα-

147 2996 227 3069 θίας
258 2992 368 3057 ὕπνου
404 2989 460 3056 καὶ
496 2992 712 3069 νυκτοειδοῦς
743 2994 883 3069 σκότους
914 2991 1165 3080 ἐξανιστάμενος

148 3095 254 3183 μηδὲν
278 3106 469 3162 συνεπισπῶ
493 3105 620 3184 σεαυτῷ
649 3097 836 3181 σωματικὸν
859 3098 907 3175 είς
929 3098 966 3163 τὸ
989 3108 1049 3182 τῆς
1072 3105 1165 3185 φιλο-

239 3261 254 3308 6
273 3251 524 3323 προσοικειωμένοι
538 3253 614 3323 (sic),
634 3253 668 3308 cf.
688 3253 803 3308 Kfihner
820 3253 847 3307 1²
861 3259 965 3323 49'Isq.
981 3257 990 3324 ΙΙ
1009 3261 1025 3311 6
1046 3275 1103 3326 γαμ
1123 3276 1165 3325 ρο-

66 3392 69 3398 .
148 3327 236 3385 τιδεῖς
255 3341 289 3378 ex
309 3341 405 3393 apogr.
425 3323 480 3379 Ciz.
496 3325 520 3377 Κ
539 3327 642 3392 112sq.
664 3323 695 3378 ἐν
714 3344 746 3394 γε
764 3327 889 3395 θυσίαις,
909 3323 937 3379 εί
954 3327 1070 3396 scripsit
1114 3351 1120 3382 ε
1142 3330 1171 3382 εἴ

148 3412 177 3446 τε
197 3397 314 3454 θυσίαις
332 3390 349 3461 ἢ
365 3396 374 3463 ΙΙ
389 3401 422 3449 14
441 3395 505 3449 fort.
525 3396 650 3449 ανανεοῦ
665 3397 674 3464 ss
689 3402 722 3450 15
741 3395 826 3450 παντί
844 3414 871 3465 p.
888 3401 948 3463 108,
963 3402 993 3451 2ε
1015 3395 1095 3469 πάριτ’
1116 3419 1141 3453 τι
1156 3400 1167 3495 β

136 3462 245 3590 ἐεὲθῇτι
269 3463 317 3535 δὲ]
338 3466 416 3536 λέγει
439 3463 490 3521 δδλ
516 3465 709 3538 ‘probabihus
733 3467 864 3520 λοοοοοω
887 3471 995 3522 statuas
1019 3470 1088 3525 ante
1112 3467 1154 3524 ἐτι

154 3554 166 3589 1
221 3553 240 3591 ι,
