2400 3930
370 142 639 209 ΡοοΤωοΡΤιοοε
660 157 693 224 (0.
709 155 793 224 xlx).
1044 155 1085 219 91

69 313 172 402 λἀλλην
196 316 261 400 γάρ
285 314 303 379 ὁ
326 324 477 391 τοιοῦτος
502 320 641 380 πλουτεῖ
664 314 720 382 καί
743 314 823 400 ούχί
847 314 982 404 ἑαυτῷ),
1011 317 1086 382 οὔτε

69 419 222 504 σώματος
253 421 374 497 κάλλος
405 420 457 486 καὶ
498 422 591 505 ἰσχὺς
628 422 727 509 δειλῷ
759 420 814 487 καὶ
851 429 940 509 κακῷ
979 422 1086 501 ξυνοι·

71 537 193 592 κοῦντα
214 527 385 612 πρέποντα
408 530 562 611 φαίνεται
585 521 657 592 ἀλλ’
683 527 828 615 ἀπρεπῆ,
851 526 906 594 καὶ
929 527 1086 613 ἐπιφανέ-

77 645 188 719 στερον
218 643 311 699 ποιεί
339 633 399 697 τὸν
428 634 546 716 ἔχοντα
577 631 633 698 καί
665 632 816 717 ἐκφαίνει
848 634 909 716 τήν
944 634 1085 701 δειλίαν·

82 741 158 804 τᾶσύ
187 761 223 804 τε
257 737 416 822 ἐπιστήμη
453 735 656 824 χωριζομένη
691 739 905 822 δικαιοσύνης
941 738 997 806 καὶ
1028 750 1112 824 τῆςτ

86 843 170 928 ἀλλης
183 845 301 930 ἀρετῆς
319 847 517 931 πανουργία,
538 845 579 910 ού
598 847 702 929 σοφία
721 848 883 929 φαίνεται.
922 842 970 913 ὧν
989 846 1084 912 ἕνεκα

88 962 200 1032 πρῶτον
233 949 290 1017 καί
316 951 460 1017 ύστατον
490 948 545 1016 καί
574 952 630 1015 διά
657 953 780 1028 παντὸς
811 961 921 1017 πᾶσαν
953 953 1085 1030 πάντως

88 1061 265 1142 προθυμίαν
296 1064 477 1144 πειρᾶσθαι
509 1058 563 1122 δεῖ
592 1060 695 1142 ἔχειν,
730 1058 819 1134 ὅπως
850 1058 991 1141 μάλιστα
1022 1055 1084 1142 μὲν

88 1158 304 1246 ὑπερβαλεῑταί
332 1188 382 1241 τις
417 1166 497 1241 τοὺς
533 1166 684 1247 πρόσθεν
716 1166 905 1248 προγόνους
939 1164 1083 1251 εὐκλείᾳ·

67 1267 112 1328 ιεί
128 1266 159 1333 δὲ
182 1271 237 1353 μή,
262 1270 351 1346 ὅπως
375 1271 423 1346 είς
446 1276 522 1334 ίσον
545 1269 658 1346 αὐτοῖς
685 1273 871 1356 καταστήση
894 1272 956 1354 τήν
979 1271 1084 1336 αὑτοῦ
1099 1293 1125 1332 ιο

87 1376 334 1459 καλοκάγαθίαν*
357 1375 378 1458 ή
398 1371 541 1460 μὲνγὰρ
561 1375 598 1441 ἐν
615 1376 747 1452 τούτοις
765 1379 841 1459 νίκη
860 1378 959 1461 τιμήν
977 1376 1083 1463 φέρει,

86 1473 150 1556 ἡδὲ
171 1477 261 1566 ἧττα,
285 1480 344 1546 ἐδν
367 1480 505 1565 ἡττᾶταί
524 1505 590 1564 τις,
615 1483 787 1566 αἰσχύνην.
829 1483 970 1567 μάλιστα
989 1478 1019 1547 δ’
1042 1483 1084 1548 ἀν

67 1587 213 1670 ἱνικήσειέ
242 1612 292 1665 τις
323 1587 361 1653 ἐν
387 1588 534 1670 τούτοις,
568 1590 600 1652 εί
625 1590 912 1674 παρασκευάσαιτο
944 1595 984 1672 τή
1015 1600 1083 1654 τῶν

86 1697 243 1776 προγόνων
280 1693 360 1780 δόξη
398 1694 442 1778 μή
479 1696 753 1780 καταχρήσασθαι
791 1690 874 1778 μηδὲ
913 1693 1082 1759 ἀναλῶσαι

87 1795 170 1883 αὐτήν
193 1801 311 1885 μάτην,
335 1804 443 1877 καλῶς
461 1801 558 1876 είδὼς
581 1801 632 1865 ὅτι
655 1797 755 1887 ἀνδρὶ
779 1798 921 1888 οἰομένω
945 1823 978 1864 τι
997 1795 1083 1865 εἶναι
1097 1822 1122 1861 15

88 1901 134 1969 οὐκ
155 1909 247 1972 ἔστιν
275 1912 406 1991 αἴσχιον
433 1906 454 1991 ή
482 1904 638 1992 παρέχειν
670 1905 790 1971 ἑαυτὸν
822 1907 1010 1990 τιμώμενον
1038 1908 1081 1990 μή

89 2004 121 2070 δι’
141 2011 267 2096 ἑαυτόν,
292 2012 375 2078 ἀλλά
400 2013 455 2078 διά
478 2013 580 2091 δόξαν
603 2015 788 2099 προγόνων.
831 2007 917 2077 εἶναι
938 2009 1082 2096 μὲνγὰρ

88 2117 161 2196 τιμὰς
190 2117 320 2203 γονέων
353 2118 503 2202 ἐκγόνοις
532 2121 632 2196 καλὸς
657 2119 831 2203 θησαυρὸς
857 2115 913 2182 καὶ
944 2124 1082 2203 μεγαλο-

88 2228 204 2308 πρεπής·
222 2231 369 2311 χρῆσθαι
388 2223 426 2290 δὲ
445 2222 499 2290 καὶ
517 2226 694 2311 χρημάτων
712 2222 768 2290 καί
786 2235 890 2308 τιμῶν
907 2231 1081 2312 θησαυρῷ,

89 2323 129 2390 καὶ
148 2333 188 2415 μή
211 2343 282 2409 τοῖς
305 2331 455 2416 ἐκγόνοις
477 2333 711 2418 παραδιδόναι,
737 2332 877 2417 αἰσχρὸν
899 2330 956 2397 καί
979 2333 1080 2398 ἀναν·
1095 2352 1122 2392 νο

91 2427 163 2520 δήιον,
186 2437 308 2524 ἀπορίᾳ
333 2441 429 2504 ίδίων
451 2439 555 2504 αὑτοῦ
578 2440 751 2522 κτημάτων
774 2463 809 2504 τε
832 2437 888 2503 καὶ
912 2438 1081 2516 εὐδοξιῶν.

90 2530 132 2617 ἀφ’
155 2542 279 2610 ἑαυτῶν
311 2545 374 2629 γάρ
403 2545 565 2629 ἀρχεσθαι
597 2545 651 2609 δεῖ
680 2544 814 2610 πάντων
847 2555 914 2608 τῶν
942 2544 1082 2627 ἀγαθῶν

90 2641 131 2708 καί
163 2662 229 2716 τῶν
266 2652 313 2727 είς
354 2651 506 2715 εὔκλειαν
542 2648 598 2716 καί
639 2650 858 2734 εὐδαιμονίαν
899 2651 1081 2732 φερόντων.

90 2747 169 2819 πύλαι
187 2758 251 2842 γὰρ
271 2757 312 2839 δή
331 2758 369 2821 τὸ
388 2753 527 2839 Μηδὲν
546 2758 646 2839 ἀγαν
665 2759 846 2840 λεγόμενον
865 2759 972 2831 καλῶς
991 2755 1085 2819 δοκεῖ

92 2851 239 2936 λέγεσθαι·
271 2870 316 2950 τῷ
348 2863 412 2946 γὰρ
441 2862 513 2927 όντι
541 2858 579 2928 εὖ
606 2861 743 2945 λέγεται.
790 2862 855 2949 ὅτῳ
887 2862 951 2946 γάρ
982 2859 1082 2946 ἀνδρὶ
1097 2880 1122 2920 οι

93 2957 127 3034 Εἷς
156 2965 272 3034 ἑαυτὸν
309 2967 488 3053 ἀνήρτηται
524 2970 633 3034 πάντα
669 2970 709 3033 τά
744 2968 827 3053 πρὸς
864 2967 1082 3051 εὐδαιμονίαν

161 3183 200 3234 24.
218 3198 246 3248 p.
261 3182 304 3246 92,
320 3182 353 3230 10
372 3176 445 3231 Plat.
463 3177 570 3232 Menex.
590 3196 617 3247 p.
632 3182 684 3232 247
695 3177 807 3231 E-248
819 3178 848 3229 B.

93 3283 280 3312 N—

162 3376 176 3422 2
194 3372 270 3439 κακῷ
290 3371 349 3426 PA:
369 3372 444 3426 καλῶ
459 3373 497 3441 4Ιῖ
518 3367 674 3434 διαπαντὸς
687 3374 696 3440 ΙΙ
712 3378 744 3425 15
763 3373 792 3424 τί
803 3374 812 3440 Ιή
828 3375 860 3424 18
878 3367 961 3441 τιμὰς
975 3370 1081 3438 γονέων

94 3415 198 3550 Q&
214 3442 275 3497 PK:
298 3438 374 3512 ἡμᾶς
395 3443 504 3512 γονέων
527 3437 661 3512 ἐγγόνους
679 3443 689 3512 ή
706 3447 739 3497 21
759 3437 864 3514 ἀπορίη
889 3440 968 3495 ἰδίων
991 3437 1081 3495 αὑτοῦ

133 3519 255 3580 ταπορειν
264 3509 297 3567 δὲ
315 3510 413 3568 αύτού.
