2400 3930
283 174 557 231 Ραονιιεενιοοε
577 178 610 247 (c.
622 160 672 231 111.
686 175 745 246 τι).
980 176 1021 240 17

66 351 98 395 ν·
131 339 272 423 ὁρῆταί
300 361 339 402 τε
371 338 444 422 γάρ
479 332 528 402 δι’
559 338 661 403 αὐτῶ
689 339 814 405 πάντα
843 337 909 404 καὶ
935 354 1023 423 γεν-
1134 405 1137 410 .

69 461 127 508 ,ται
153 442 219 510 καὶ
247 454 402 529 νοῆται,
436 442 654 529 ῥιζωθίντα
684 443 748 509 καί
776 444 1045 527 γενναύέντα

82 552 327 635 τράφεταίτε
345 547 409 614 καὶ
433 547 586 626 ἀέξεται
608 547 672 614 καὶ
697 553 919 634 ζωπυρηται
941 550 1018 635 μετ’

66 651 247 733 ἲσόάσιος.’
293 656 382 720 πάνυ
414 654 674 739 ἐπιστημονικῶς
710 655 858 721 ἐνταῦθα
889 659 950 740 την
986 680 1022 722 τε

66 758 193 828 όσινκαί
217 760 387 847 ἐνέργειαν
408 771 466 845 τῆς
490 764 612 846 σοφίας
635 761 850 846 ἐπιδείκνυσι,
879 761 934 828 καί
957 763 1049 829 ἀπὸό

67 873 83 928 ῦ
105 869 353 953 χρησιμωτάτην
385 868 491 952 αὐτὴν
526 863 610 933 εἶναι
642 865 697 932 καί
733 868 1023 953 ἡγεμονικωτάτην

66 986 152 1040 νεῖται
169 975 232 1058 τὴν
250 975 442 1061 προτροπὴν
462 973 515 1039 ἐπὶ
533 975 592 1039 τὸν
608 983 693 1038 νοῦν
711 972 766 1039 καὶ
784 975 846 1057 την
865 979 1022 1059 θεωρίαν.

66 1075 78 1140 δ
102 1083 176 1147 ἀλλο
206 1079 242 1146 δὲ
274 1081 468 1165 θαυμάσιον
496 1072 570 1145 οἷον
597 1082 644 1157 είς
670 1082 864 1166 προτροπὴν
892 1080 1023 1164 ἀγαθόν

66 1185 196 1270 ιρέχεται·
228 1186 291 1252 ἀπὸ
314 1188 378 1271 γάρ
401 1197 468 1252 τῶν
492 1191 671 1271 γνωρίμων
693 1198 836 1252 ποιεῖται
858 1189 920 1271 τὴν
943 1187 1023 1261 ὑπό-

66 1311 135 1373 ιησιν
168 1288 213 1359 δι’
244 1294 423 1376 ἀναλογίας
455 1275 627 1378 ἐναργοῦςῖ
670 1295 708 1359 τὸ
737 1295 801 1378 γάρ
830 1296 909 1372 ὄψιν
937 1289 1024 1359 εἶναι
1039 1313 1064 1352 10

66 1401 172 1484 νεάτην
195 1411 262 1465 τῶν
285 1401 477 1483 αἰσθήσεων
495 1398 551 1464 καί
576 1399 816 1484 ἀκριβεστάτην
834 1398 890 1465 καὶ
911 1424 1023 1485 τιμιω-
1048 1463 1052 1469 ,

66 1499 114 1587 ἷιην
140 1516 221 1571 πᾶσι
248 1508 433 1592 πρόδηλον,
464 1503 578 1570 καὶτὸ
601 1506 660 1570 τὸν
683 1506 779 1589 ἥλιον
802 1517 869 1570 τῶν
892 1507 1024 1590 άστρων

66 1612 183 1696 ιερὲχειν
212 1610 336 1677 οὐδένα
362 1611 501 1696 λέληθε,
531 1609 586 1676 καὶ
614 1615 651 1678 τὸ
678 1613 738 1677 τὸν
765 1620 850 1683 νοῦν
876 1621 933 1695 τῆς
961 1622 1024 1690 ψο-

66 1715 189 1811 ίςείναι
224 1717 402 1803 ἐξάρχοντα
439 1718 476 1783 ἐν
509 1730 580 1794 ταῖς
611 1729 739 1794 κοιναῖς
768 1718 913 1795 ἐννοίαις
944 1739 1023 1804 προ·
1134 1792 1136 1797 ,

66 1824 201 1910 λόφαμεν.
248 1825 311 1890 ἀπὸ
344 1826 385 1908 δὴ
418 1825 547 1889 τούτων
574 1826 611 1889 τὸ
642 1822 806 1909 διαφέρον
833 1826 1023 1909 παραδηλοῖ
1038 1841 1063 1882 15

67 1951 79 2002 ε
106 1935 224 2016 σοφίας
260 1933 343 2016 πρὸς
378 1931 518 2026 ἅπαντα,
544 1932 584 1995 τά
616 1930 815 2015 ἀνθρώπινα
850 1930 1024 2015 πράγματα

66 2041 185 2121 ὀρίμως
207 2036 263 2103 καὶ
286 2037 562 2122 ἐπιστημονικῶς,
590 2037 673 2101 ὥστε
701 2033 847 2120 εὐμαθὲς
874 2031 959 2126 εἶναι
986 2038 1023 2100 τὸ

66 2141 136 2222 ηδες
161 2143 217 2208 καὶ
245 2145 409 2228 εύληπτον
436 2154 506 2221 τοῖς
537 2143 697 2208 ἀκούουσι
728 2144 766 2207 τὸ
795 2129 1025 2226 κρυπτόμενον

88 2249 210 2334 ἀφανεῖ.
230 2248 233 2253 ’
256 2251 338 2337 πρὸς
364 2250 495 2326 τούτοις
527 2253 645 2314 ’τοίνυν
676 2247 732 2321 καὶ
761 2248 825 2314 ἀπὸ
857 2258 925 2314 τῶν
954 2250 1025 2312 δια-

66 2366 128 2435 ιρῶν
156 2356 295 2422 ἑκάστου
323 2358 344 2440 ἥ
371 2379 406 2421 τε
434 2357 562 2439 είδησις
588 2365 646 2440 της
668 2358 790 2440 σοφίας
811 2353 867 2421 καί
895 2355 914 2439 ἡ
942 2356 1025 2440 πρὸς
1039 2373 1065 2412 20

66 2459 119 2542 τὴν
140 2464 310 2548 προτροπὴ
334 2462 599 2528 ἀναδιδάσκεται.
644 2471 743 2527 τοῦτο
767 2459 828 2546 μὲν
851 2463 927 2547 γάρ,
949 2463 983 2527 εί
1003 2461 1024 2545 ἡ

66 2567 390 2653 όςὲκαβολεστάτα
403 2566 468 2633 καί
489 2568 802 2634 πολυειδεστάτα
820 2577 890 2633 τάν
904 2568 1026 2633 ἀλλᾶν

66 2666 238 2740 ῗόδασίων
270 2674 367 2758 ἐντί,
404 2673 461 2740 καὶ
492 2674 513 2759 ἡ
547 2658 651 2760 σοφία
681 2677 764 2740 κατδι
799 2676 839 2738 τά
871 2674 955 2737 αὐτὰ
986 2674 1026 2738 τά
1102 2695 1106 2701 ·

66 2783 216 2861 ’ρρωτάτω
240 2782 447 2865 ἀφεστηκότα
475 2781 519 2858 ὡς
542 2785 690 2866 παρόντα
713 2792 787 2846 νοεῖ
813 2777 868 2845 καί
891 2779 1026 2845 πάντων

66 2886 88 2940 ’ν
108 2888 212 2952 όντων
235 2887 276 2951 τά
304 2889 376 2971 εἴδη
399 2887 622 2972 περιείληφεν·
642 2885 679 2950 ἐν
707 2883 820 2971 ἑαυτῇ·
848 2895 947 2952 τοῦτο
978 2884 1025 2970 δέ,
1040 2902 1066 2942 2⁵

82 2986 208 3070 ὁνόος
240 2993 386 3069 ὕπατος
417 2993 519 3075 λόγω
551 2990 616 3057 καὶ
643 2994 900 3077 διανοίαςτὸ
921 2992 1027 3057 ’δίον

66 3101 258 3183 ῑικραίνων
283 3086 348 3164 καὶ
380 3100 469 3176 ὄψις
501 3096 564 3163 καὶ
598 3099 764 3183 δύναμις
791 3107 867 3163 τῶν
894 3121 1027 3182 τιμιω-

66 3193 139 3269 ἷτων
162 3205 360 3289 ὑπάρχων,
385 3205 516 3281 πάντως
534 3226 601 3270 που
621 3203 719 3288 καλὴ
744 3207 848 3287 σοφία
871 3203 1028 3282 ὡσαύτως

66 3308 228 3329 Ns—

109 3366 122 3414 3
139 3381 168 3416 τε
188 3365 253 3431 post
266 3358 404 3431 τράφεται
418 3344 586 3432 λτααεμοευί,
606 3360 682 3430 quod
695 3364 760 3430 post
774 3362 935 3431 ζωπνρῇται
948 3362 1024 3430 lege·

66 3421 113 3497 δῦῐῑ
130 3434 163 3488 cf.
182 3431 219 3486 ad
237 3451 264 3503 p.
284 3437 326 3500 18,
346 3439 362 3488 9
380 3436 390 3504 ΙΙ
408 3438 442 3487 15
461 3450 528 3487 num
547 3429 703 3500 άποδηλοῑῗ
721 3434 731 3500 ΙΙ
749 3436 783 3486 23
805 3427 866 3487 ἀντί
881 3432 918 3487 K:
943 3427 1004 3487 ἔστί
1019 3433 1028 3503 Η

71 3623 188 3680 Ῑυωτιοιη
201 3641 336 3680 Ραοεαιινυ.
852 3629 869 3676 ‘2
965 3627 969 3634 ⁸
