<?xml version="1.0" encoding="UTF-8"?>
<!DOCTYPE html PUBLIC "-//W3C//DTD XHTML 1.0 Transitional//EN"
    "http://www.w3.org/TR/xhtml1/DTD/xhtml1-transitional.dtd">
<html xmlns="http://www.w3.org/1999/xhtml" xml:lang="en" lang="en">
 <head>
  <title>
</title>
<meta http-equiv="Content-Type" content="text/html;charset=utf-8" />
  <meta name='ocr-system' content='tesseract 3.04.00' />
  <meta name='ocr-capabilities' content='ocr_page ocr_carea ocr_par ocr_line ocrx_word'/>
</head>
<body>
  <div class='ocr_page' id='page_1' title='image "./iamblichiprotre01jambgoog_0084.png"; bbox 0 0 2400 3930; ppageno 0'>
   <div class='ocr_carea' id='block_1_1' title="bbox 358 137 1079 208">
    <p class='ocr_par' dir='ltr' id='par_1_1' title="bbox 358 137 1079 208">
     <span class='ocr_line' id='line_1_1' title="bbox 358 137 1079 208; baseline 0.019 -17"><span class='ocrx_word' id='word_1_1' title='bbox 358 137 633 195; x_wconf 80' lang='lat' dir='ltr'>PROTREPTICUS</span> <span class='ocrx_word' id='word_1_2' title='bbox 651 142 685 207; x_wconf 83' lang='grc' dir='ltr'><strong><em>1ο.</em></strong></span> <span class='ocrx_word' id='word_1_3' title='bbox 700 139 786 208; x_wconf 83' lang='grc' dir='ltr'>ΧΙΙΙ).</span> <span class='ocrx_word' id='word_1_4' title='bbox 1036 141 1079 205; x_wconf 79' lang='grc'><strong><em>63</em></strong></span> 
     </span>
    </p>
   </div>
   <div class='ocr_carea' id='block_1_2' title="bbox 60 296 1117 3036">
    <p class='ocr_par' dir='ltr' id='par_1_2' title="bbox 60 296 1117 3036">
     <span class='ocr_line' id='line_1_2' title="bbox 154 296 1079 384; baseline 0.004 -22"><span class='ocrx_word' id='word_1_5' title='bbox 154 297 313 364; x_wconf 79' lang='grc' dir='ltr'><em>Μάλιστα</em></span> <span class='ocrx_word' id='word_1_6' title='bbox 332 296 369 365; x_wconf 79' lang='grc' dir='ltr'><strong><em>δέ</em></strong></span> <span class='ocrx_word' id='word_1_7' title='bbox 387 302 478 365; x_wconf 82' lang='grc' dir='ltr'><strong><em>ἔσται</em></strong></span> <span class='ocrx_word' id='word_1_8' title='bbox 497 309 595 366; x_wconf 85' lang='grc' dir='ltr'><strong><em>τοῦτο</em></strong></span> <span class='ocrx_word' id='word_1_9' title='bbox 616 301 719 384; x_wconf 83' lang='grc' dir='ltr'><strong><em>δήλου</em></strong></span> <span class='ocrx_word' id='word_1_10' title='bbox 733 299 796 365; x_wconf 91' lang='grc' dir='ltr'><strong><em>άπὸ</em></strong></span> <span class='ocrx_word' id='word_1_11' title='bbox 817 311 875 384; x_wconf 80' lang='grc' dir='ltr'><strong><em>της</em></strong></span> <span class='ocrx_word' id='word_1_12' title='bbox 892 311 960 365; x_wconf 83' lang='grc' dir='ltr'><strong><em>τῶν</em></strong></span> <span class='ocrx_word' id='word_1_13' title='bbox 978 302 1079 367; x_wconf 80' lang='grc' dir='ltr'><strong><em>εἰδῶν</em></strong></span> 
     </span>
     <span class='ocr_line' id='line_1_3' title="bbox 60 404 1078 491; baseline 0.007 -26"><span class='ocrx_word' id='word_1_14' title='bbox 60 406 218 487; x_wconf 60' lang='grc' dir='ltr'><strong><em>λθιορίας.</em></strong></span> <span class='ocrx_word' id='word_1_15' title='bbox 263 407 302 470; x_wconf 83' lang='grc' dir='ltr'><strong><em>τὸ</em></strong></span> <span class='ocrx_word' id='word_1_16' title='bbox 320 406 383 491; x_wconf 78' lang='grc' dir='ltr'><strong><em>γάρ</em></strong></span> <span class='ocrx_word' id='word_1_17' title='bbox 407 407 538 472; x_wconf 89' lang='grc' dir='ltr'><strong><em>δίκαιον</em></strong></span> <span class='ocrx_word' id='word_1_18' title='bbox 561 406 642 473; x_wconf 83' lang='grc' dir='ltr'><strong><em>αὐτὸ</em></strong></span> <span class='ocrx_word' id='word_1_19' title='bbox 665 404 720 472; x_wconf 82' lang='grc' dir='ltr'><strong><em>καὶ</em></strong></span> <span class='ocrx_word' id='word_1_20' title='bbox 742 408 846 472; x_wconf 92' lang='grc' dir='ltr'><strong><em>καλὸν</em></strong></span> <span class='ocrx_word' id='word_1_21' title='bbox 868 405 924 472; x_wconf 83' lang='grc' dir='ltr'><strong><em>καὶ</em></strong></span> <span class='ocrx_word' id='word_1_22' title='bbox 948 407 1078 490; x_wconf 80' lang='grc' dir='ltr'><strong><em>ἀγαθὸν</em></strong></span> 
     </span>
     <span class='ocr_line' id='line_1_4' title="bbox 89 502 1081 598; baseline 0.006 -26"><span class='ocrx_word' id='word_1_23' title='bbox 89 506 129 572; x_wconf 78' lang='grc' dir='ltr'><strong><em>καί</em></strong></span> <span class='ocrx_word' id='word_1_24' title='bbox 142 510 246 575; x_wconf 90' lang='grc' dir='ltr'><strong><em>πάντα</em></strong></span> <span class='ocrx_word' id='word_1_25' title='bbox 264 502 315 588; x_wconf 84' lang='grc' dir='ltr'><strong><em>οἷς</em></strong></span> <span class='ocrx_word' id='word_1_26' title='bbox 333 511 636 598; x_wconf 81' lang='grc' dir='ltr'><strong><em>ἐπισφραγιζόμεθα</em></strong></span> <span class='ocrx_word' id='word_1_27' title='bbox 654 514 691 577; x_wconf 90' lang='grc' dir='ltr'><strong><em>τὸ</em></strong></span> <span class='ocrx_word' id='word_1_28' title='bbox 711 513 729 578; x_wconf 81' lang='grc' dir='ltr'>ὅ</span> <span class='ocrx_word' id='word_1_29' title='bbox 747 512 847 594; x_wconf 88' lang='grc' dir='ltr'><strong><em>ἐστιν,</em></strong></span> <span class='ocrx_word' id='word_1_30' title='bbox 867 512 1081 579; x_wconf 81' lang='grc' dir='ltr'><strong><em>οὐδεπώποτέ</em></strong></span> 
     </span>
     <span class='ocr_line' id='line_1_5' title="bbox 88 614 1078 704; baseline 0.002 -24"><span class='ocrx_word' id='word_1_31' title='bbox 88 633 125 690; x_wconf 77' lang='grc' dir='ltr'><strong><em>τις</em></strong></span> <span class='ocrx_word' id='word_1_32' title='bbox 144 627 210 694; x_wconf 77' lang='grc' dir='ltr'><strong><em>τοῖς</em></strong></span> <span class='ocrx_word' id='word_1_33' title='bbox 238 616 429 702; x_wconf 76' lang='grc' dir='ltr'><em>ὀφθαλμοῖς</em></span> <span class='ocrx_word' id='word_1_34' title='bbox 456 614 563 702; x_wconf 77' lang='grc' dir='ltr'><strong><em>εἶδεν,</em></strong></span> <span class='ocrx_word' id='word_1_35' title='bbox 595 615 676 684; x_wconf 72' lang='grc' dir='ltr'><strong><em>οὐδὲ</em></strong></span> <span class='ocrx_word' id='word_1_36' title='bbox 708 620 791 704; x_wconf 86' lang='grc' dir='ltr'><strong><em>άλλη</em></strong></span> <span class='ocrx_word' id='word_1_37' title='bbox 823 615 890 684; x_wconf 82' lang='grc' dir='ltr'><strong><em>τινὶ</em></strong></span> <span class='ocrx_word' id='word_1_38' title='bbox 923 620 1078 701; x_wconf 75' lang='grc' dir='ltr'><strong><em>αἰσθήσει</em></strong></span> 
     </span>
     <span class='ocr_line' id='line_1_6' title="bbox 88 721 1105 809; baseline 0.005 -25"><span class='ocrx_word' id='word_1_39' title='bbox 88 729 138 784; x_wconf 76' lang='grc' dir='ltr'><strong><em>τῶν</em></strong></span> <span class='ocrx_word' id='word_1_40' title='bbox 166 724 221 789; x_wconf 85' lang='grc' dir='ltr'><strong><em>διά</em></strong></span> <span class='ocrx_word' id='word_1_41' title='bbox 252 731 314 789; x_wconf 86' lang='grc' dir='ltr'><strong><em>τοῦ</em></strong></span> <span class='ocrx_word' id='word_1_42' title='bbox 345 725 496 809; x_wconf 83' lang='grc' dir='ltr'><strong><em>σώματος</em></strong></span> <span class='ocrx_word' id='word_1_43' title='bbox 527 723 678 808; x_wconf 79' lang='grc' dir='ltr'><strong><em>ἐφήψατο</em></strong></span> <span class='ocrx_word' id='word_1_44' title='bbox 710 725 836 808; x_wconf 82' lang='grc' dir='ltr'><strong><em>αὐτῶν,</em></strong></span> <span class='ocrx_word' id='word_1_45' title='bbox 869 721 939 790; x_wconf 82' lang='grc' dir='ltr'><strong><em>ἀλλ’</em></strong></span> <span class='ocrx_word' id='word_1_46' title='bbox 972 723 1009 802; x_wconf 90' lang='grc' dir='ltr'><strong><em>ὃς</em></strong></span> <span class='ocrx_word' id='word_1_47' title='bbox 1036 723 1105 789; x_wconf 78' lang='grc' dir='ltr'><strong><em>άνι</em></strong></span> 
     </span>
     <span class='ocr_line' id='line_1_7' title="bbox 60 826 1077 917; baseline 0.004 -25"><span class='ocrx_word' id='word_1_48' title='bbox 60 826 206 904; x_wconf 60' lang='grc' dir='ltr'><strong><em>ιμάλιστα</em></strong></span> <span class='ocrx_word' id='word_1_49' title='bbox 235 827 408 913; x_wconf 77' lang='grc' dir='ltr'><strong><em>ἡμῶνκαὶ</em></strong></span> <span class='ocrx_word' id='word_1_50' title='bbox 434 829 652 917; x_wconf 80' lang='grc' dir='ltr'><strong><em>ἀκριβέστατα</em></strong></span> <span class='ocrx_word' id='word_1_51' title='bbox 679 831 969 917; x_wconf 78' lang='grc' dir='ltr'><strong><em>παρασκευάσηται</em></strong></span> <span class='ocrx_word' id='word_1_52' title='bbox 996 830 1077 896; x_wconf 82' lang='grc' dir='ltr'><strong><em>αὐτὸ</em></strong></span> 
     </span>
     <span class='ocr_line' id='line_1_8' title="bbox 85 921 1078 1023; baseline 0.005 -26"><span class='ocrx_word' id='word_1_53' title='bbox 85 921 204 1000; x_wconf 75' lang='grc' dir='ltr'><strong><em>ἕκαστον</em></strong></span> <span class='ocrx_word' id='word_1_54' title='bbox 227 936 453 1020; x_wconf 74' lang='grc' dir='ltr'><strong><em>διανοηθῆναι</em></strong></span> <span class='ocrx_word' id='word_1_55' title='bbox 475 935 551 1023; x_wconf 83' lang='grc' dir='ltr'><strong><em>περὶ</em></strong></span> <span class='ocrx_word' id='word_1_56' title='bbox 574 932 616 1002; x_wconf 81' lang='grc' dir='ltr'><strong><em>οὗ</em></strong></span> <span class='ocrx_word' id='word_1_57' title='bbox 638 948 769 1020; x_wconf 79' lang='grc' dir='ltr'><strong><em>σκοπεῖ,</em></strong></span> <span class='ocrx_word' id='word_1_58' title='bbox 797 932 895 1014; x_wconf 86' lang='grc' dir='ltr'><strong><em>οὗτος</em></strong></span> <span class='ocrx_word' id='word_1_59' title='bbox 918 937 959 1003; x_wconf 80' lang='grc' dir='ltr'><strong><em>δν</em></strong></span> <span class='ocrx_word' id='word_1_60' title='bbox 982 936 1078 1021; x_wconf 82' lang='grc' dir='ltr'><strong><em>ἐννύ-</em></strong></span> 
     </span>
     <span class='ocr_line' id='line_1_9' title="bbox 85 1041 1076 1125; baseline 0.004 -22"><span class='ocrx_word' id='word_1_61' title='bbox 85 1057 148 1105; x_wconf 74' lang='grc' dir='ltr'><strong><em>ῑατα</em></strong></span> <span class='ocrx_word' id='word_1_62' title='bbox 165 1047 210 1107; x_wconf 85' lang='grc' dir='ltr'><strong><em>ίοι</em></strong></span> <span class='ocrx_word' id='word_1_63' title='bbox 228 1049 289 1106; x_wconf 86' lang='grc' dir='ltr'><strong><em>τοῦ</em></strong></span> <span class='ocrx_word' id='word_1_64' title='bbox 306 1053 434 1125; x_wconf 77' lang='grc' dir='ltr'><strong><em>γνῶναι</em></strong></span> <span class='ocrx_word' id='word_1_65' title='bbox 452 1041 601 1109; x_wconf 80' lang='grc' dir='ltr'><strong><em>ἕκαστον.</em></strong></span> <span class='ocrx_word' id='word_1_66' title='bbox 639 1043 765 1108; x_wconf 83' lang='grc' dir='ltr'><strong><em>οὐκοῦν</em></strong></span> <span class='ocrx_word' id='word_1_67' title='bbox 779 1041 905 1120; x_wconf 81' lang='grc' dir='ltr'><strong><em>ἐκεῖνος</em></strong></span> <span class='ocrx_word' id='word_1_68' title='bbox 923 1041 965 1108; x_wconf 86' lang='grc' dir='ltr'><strong><em>άν</em></strong></span> <span class='ocrx_word' id='word_1_69' title='bbox 978 1051 1076 1107; x_wconf 86' lang='grc' dir='ltr'><strong><em>τοῦτο</em></strong></span> 
     </span>
     <span class='ocr_line' id='line_1_10' title="bbox 83 1147 1077 1235; baseline 0.003 -25"><span class='ocrx_word' id='word_1_70' title='bbox 83 1149 235 1230; x_wconf 75' lang='grc' dir='ltr'><strong><em>ποιήσειεν</em></strong></span> <span class='ocrx_word' id='word_1_71' title='bbox 265 1151 503 1235; x_wconf 84' lang='grc' dir='ltr'><strong><em>καθαρώτατα,</em></strong></span> <span class='ocrx_word' id='word_1_72' title='bbox 536 1151 626 1227; x_wconf 84' lang='grc' dir='ltr'><strong><em>ὅστις</em></strong></span> <span class='ocrx_word' id='word_1_73' title='bbox 654 1149 672 1214; x_wconf 83' lang='grc' dir='ltr'>ὅ</span> <span class='ocrx_word' id='word_1_74' title='bbox 700 1172 732 1214; x_wconf 93' lang='grc' dir='ltr'><strong><em>τι</em></strong></span> <span class='ocrx_word' id='word_1_75' title='bbox 760 1149 900 1233; x_wconf 91' lang='grc' dir='ltr'><strong><em>μάλιστα</em></strong></span> <span class='ocrx_word' id='word_1_76' title='bbox 928 1147 1010 1232; x_wconf 75' lang='grc' dir='ltr'><strong><em>αὐτῇ</em></strong></span> <span class='ocrx_word' id='word_1_77' title='bbox 1037 1158 1077 1234; x_wconf 78' lang='grc' dir='ltr'><strong><em>τη</em></strong></span> 
     </span>
     <span class='ocr_line' id='line_1_11' title="bbox 85 1247 1116 1341; baseline 0.004 -30"><span class='ocrx_word' id='word_1_78' title='bbox 85 1247 201 1341; x_wconf 78' lang='grc' dir='ltr'><strong><em>διανοίᾳ</em></strong></span> <span class='ocrx_word' id='word_1_79' title='bbox 220 1260 266 1320; x_wconf 85' lang='grc' dir='ltr'><strong><em>ίοι</em></strong></span> <span class='ocrx_word' id='word_1_80' title='bbox 284 1249 338 1340; x_wconf 86' lang='grc' dir='ltr'><strong><em>ἐφ’</em></strong></span> <span class='ocrx_word' id='word_1_81' title='bbox 360 1254 510 1338; x_wconf 80' lang='grc' dir='ltr'><strong><em>ἕκαστον,</em></strong></span> <span class='ocrx_word' id='word_1_82' title='bbox 534 1257 614 1339; x_wconf 87' lang='grc' dir='ltr'><strong><em>μήτε</em></strong></span> <span class='ocrx_word' id='word_1_83' title='bbox 632 1255 694 1338; x_wconf 84' lang='grc' dir='ltr'><strong><em>τήν</em></strong></span> <span class='ocrx_word' id='word_1_84' title='bbox 713 1256 793 1332; x_wconf 74' lang='grc' dir='ltr'><strong><em>ὄψιν</em></strong></span> <span class='ocrx_word' id='word_1_85' title='bbox 811 1254 1076 1340; x_wconf 80' lang='grc' dir='ltr'><strong><em>παρατιθέμενος</em></strong></span> <span class='ocrx_word' id='word_1_86' title='bbox 1090 1277 1116 1316; x_wconf 90' lang='lat'><strong><em>10</em></strong></span> 
     </span>
     <span class='ocr_line' id='line_1_12' title="bbox 85 1352 1078 1446; baseline 0.009 -27"><span class='ocrx_word' id='word_1_87' title='bbox 85 1352 116 1419; x_wconf 86' lang='grc' dir='ltr'><strong><em>ἐν</em></strong></span> <span class='ocrx_word' id='word_1_88' title='bbox 128 1367 169 1446; x_wconf 75' lang='grc' dir='ltr'><strong><em>τῷ</em></strong></span> <span class='ocrx_word' id='word_1_89' title='bbox 183 1361 394 1427; x_wconf 74' lang='grc' dir='ltr'><strong><em>διανοεῖσθαι</em></strong></span> <span class='ocrx_word' id='word_1_90' title='bbox 412 1364 492 1445; x_wconf 91' lang='grc' dir='ltr'><strong><em>μήτε</em></strong></span> <span class='ocrx_word' id='word_1_91' title='bbox 512 1363 617 1445; x_wconf 89' lang='grc' dir='ltr'><strong><em>άλλην</em></strong></span> <span class='ocrx_word' id='word_1_92' title='bbox 632 1366 793 1444; x_wconf 75' lang='grc' dir='ltr'><strong><em>αἴσθησιν</em></strong></span> <span class='ocrx_word' id='word_1_93' title='bbox 811 1360 960 1445; x_wconf 77' lang='grc' dir='ltr'><strong><em>ἐφέλκων</em></strong></span> <span class='ocrx_word' id='word_1_94' title='bbox 979 1363 1078 1446; x_wconf 88' lang='grc' dir='ltr'><strong><em>μηδε-</em></strong></span> 
     </span>
     <span class='ocr_line' id='line_1_13' title="bbox 85 1462 1078 1551; baseline 0.005 -23"><span class='ocrx_word' id='word_1_95' title='bbox 85 1464 149 1539; x_wconf 84' lang='grc' dir='ltr'><strong><em>μίαν</em></strong></span> <span class='ocrx_word' id='word_1_96' title='bbox 170 1467 250 1550; x_wconf 84' lang='grc' dir='ltr'><strong><em>μετά</em></strong></span> <span class='ocrx_word' id='word_1_97' title='bbox 271 1475 332 1531; x_wconf 84' lang='grc' dir='ltr'><strong><em>τοῦ</em></strong></span> <span class='ocrx_word' id='word_1_98' title='bbox 356 1471 534 1551; x_wconf 80' lang='grc' dir='ltr'><strong><em>λογισμοῦ,</em></strong></span> <span class='ocrx_word' id='word_1_99' title='bbox 562 1462 634 1532; x_wconf 82' lang='grc' dir='ltr'><strong><em>ἀλλ’</em></strong></span> <span class='ocrx_word' id='word_1_100' title='bbox 661 1467 744 1551; x_wconf 77' lang='grc' dir='ltr'><strong><em>αὐτῇ</em></strong></span> <span class='ocrx_word' id='word_1_101' title='bbox 767 1462 846 1532; x_wconf 93' lang='grc' dir='ltr'><strong><em>καθ’</em></strong></span> <span class='ocrx_word' id='word_1_102' title='bbox 873 1467 977 1551; x_wconf 83' lang='grc' dir='ltr'><strong><em>αὑτήν</em></strong></span> <span class='ocrx_word' id='word_1_103' title='bbox 1001 1471 1078 1534; x_wconf 87' lang='grc' dir='ltr'><strong><em>είλι-</em></strong></span> 
     </span>
     <span class='ocr_line' id='line_1_14' title="bbox 84 1571 1078 1660; baseline 0.006 -27"><span class='ocrx_word' id='word_1_104' title='bbox 84 1581 176 1651; x_wconf 81' lang='grc' dir='ltr'><strong><em>κρινεῖ</em></strong></span> <span class='ocrx_word' id='word_1_105' title='bbox 192 1581 233 1657; x_wconf 72' lang='grc' dir='ltr'><strong><em>τῇ</em></strong></span> <span class='ocrx_word' id='word_1_106' title='bbox 257 1573 389 1660; x_wconf 78' lang='grc' dir='ltr'><strong><em>διανοίᾳ</em></strong></span> <span class='ocrx_word' id='word_1_107' title='bbox 411 1574 581 1659; x_wconf 82' lang='grc' dir='ltr'><strong><em>χρώμενος</em></strong></span> <span class='ocrx_word' id='word_1_108' title='bbox 604 1572 684 1639; x_wconf 83' lang='grc' dir='ltr'><strong><em>αὐτὸ</em></strong></span> <span class='ocrx_word' id='word_1_109' title='bbox 702 1571 782 1638; x_wconf 89' lang='grc' dir='ltr'><strong><em>καθ’</em></strong></span> <span class='ocrx_word' id='word_1_110' title='bbox 805 1573 886 1640; x_wconf 82' lang='grc' dir='ltr'><strong><em>αὑτὸ</em></strong></span> <span class='ocrx_word' id='word_1_111' title='bbox 904 1571 1078 1659; x_wconf 73' lang='grc' dir='ltr'><strong><em>εἰλικρινὲς</em></strong></span> 
     </span>
     <span class='ocr_line' id='line_1_15' title="bbox 86 1668 1078 1763; baseline 0.006 -25"><span class='ocrx_word' id='word_1_112' title='bbox 86 1668 205 1743; x_wconf 78' lang='grc' dir='ltr'><strong><em>ἕκαστον</em></strong></span> <span class='ocrx_word' id='word_1_113' title='bbox 233 1677 412 1763; x_wconf 77' lang='grc' dir='ltr'><strong><em>ἐπιχειροίη</em></strong></span> <span class='ocrx_word' id='word_1_114' title='bbox 440 1681 601 1763; x_wconf 82' lang='grc' dir='ltr'><strong><em>θηρεύειν</em></strong></span> <span class='ocrx_word' id='word_1_115' title='bbox 627 1689 696 1744; x_wconf 81' lang='grc' dir='ltr'><strong><em>τῶν</em></strong></span> <span class='ocrx_word' id='word_1_116' title='bbox 725 1681 848 1762; x_wconf 79' lang='grc' dir='ltr'><strong><em>ὄντων,</em></strong></span> <span class='ocrx_word' id='word_1_117' title='bbox 879 1677 1078 1762; x_wconf 79' lang='grc' dir='ltr'><strong><em>ἀπαλλαγείς</em></strong></span> 
     </span>
     <span class='ocr_line' id='line_1_16' title="bbox 88 1775 1117 1870; baseline 0.003 -21"><span class='ocrx_word' id='word_1_118' title='bbox 88 1775 136 1844; x_wconf 73' lang='grc' dir='ltr'><strong><em>ὅτι</em></strong></span> <span class='ocrx_word' id='word_1_119' title='bbox 151 1785 289 1866; x_wconf 90' lang='grc' dir='ltr'><strong><em>μάλιστα</em></strong></span> <span class='ocrx_word' id='word_1_120' title='bbox 308 1785 495 1870; x_wconf 82' lang='grc' dir='ltr'><strong><em>ὀφθαλμῶν</em></strong></span> <span class='ocrx_word' id='word_1_121' title='bbox 512 1783 616 1851; x_wconf 82' lang='grc' dir='ltr'><strong><em>τεκαὶ</em></strong></span> <span class='ocrx_word' id='word_1_122' title='bbox 631 1783 795 1850; x_wconf 78' lang='grc' dir='ltr'><strong><em>ὤτωνκαὶ</em></strong></span> <span class='ocrx_word' id='word_1_123' title='bbox 814 1786 858 1862; x_wconf 82' lang='grc' dir='ltr'><strong><em>ὥς</em></strong></span> <span class='ocrx_word' id='word_1_124' title='bbox 876 1787 954 1861; x_wconf 80' lang='grc' dir='ltr'><strong><em>ἔπος</em></strong></span> <span class='ocrx_word' id='word_1_125' title='bbox 972 1786 1077 1852; x_wconf 79' lang='grc' dir='ltr'><strong><em>εἰπεῖν</em></strong></span> <span class='ocrx_word' id='word_1_126' title='bbox 1091 1804 1117 1845; x_wconf 83' lang='lat'><strong><em>15</em></strong></span> 
     </span>
     <span class='ocr_line' id='line_1_17' title="bbox 91 1878 1078 1977; baseline -0.002 -20"><span class='ocrx_word' id='word_1_127' title='bbox 91 1878 254 1968; x_wconf 73' lang='grc' dir='ltr'><strong><em>ξύμπαντος</em></strong></span> <span class='ocrx_word' id='word_1_128' title='bbox 266 1899 327 1956; x_wconf 85' lang='grc' dir='ltr'><strong><em>τοῦ</em></strong></span> <span class='ocrx_word' id='word_1_129' title='bbox 341 1892 502 1976; x_wconf 83' lang='grc' dir='ltr'><strong><em>σώματος,</em></strong></span> <span class='ocrx_word' id='word_1_130' title='bbox 521 1893 566 1969; x_wconf 81' lang='grc' dir='ltr'><strong><em>ὡς</em></strong></span> <span class='ocrx_word' id='word_1_131' title='bbox 579 1892 798 1977; x_wconf 82' lang='grc' dir='ltr'><strong><em>ταράττοντος</em></strong></span> <span class='ocrx_word' id='word_1_132' title='bbox 812 1888 866 1956; x_wconf 78' lang='grc' dir='ltr'><strong><em>καὶ</em></strong></span> <span class='ocrx_word' id='word_1_133' title='bbox 882 1891 942 1956; x_wconf 89' lang='grc' dir='ltr'><strong><em>οὐκ</em></strong></span> <span class='ocrx_word' id='word_1_134' title='bbox 956 1890 1078 1968; x_wconf 79' lang='grc' dir='ltr'><strong><em>ἐῶντος</em></strong></span> 
     </span>
     <span class='ocr_line' id='line_1_18' title="bbox 60 1978 1077 2082; baseline 0.002 -21"><span class='ocrx_word' id='word_1_135' title='bbox 60 1978 66 2023; x_wconf 42' lang='grc' dir='ltr'><strong><em>δ</em></strong></span> <span class='ocrx_word' id='word_1_136' title='bbox 91 1988 134 2071; x_wconf 71' lang='grc' dir='ltr'><strong><em>τὴν</em></strong></span> <span class='ocrx_word' id='word_1_137' title='bbox 153 1996 261 2079; x_wconf 75' lang='grc' dir='ltr'><strong><em>ψυχήν</em></strong></span> <span class='ocrx_word' id='word_1_138' title='bbox 279 1999 466 2079; x_wconf 88' lang='grc' dir='ltr'><strong><em>κτήσασθαι</em></strong></span> <span class='ocrx_word' id='word_1_139' title='bbox 489 1997 651 2081; x_wconf 89' lang='grc' dir='ltr'><strong><em>άλήθειάν</em></strong></span> <span class='ocrx_word' id='word_1_140' title='bbox 669 2020 704 2062; x_wconf 93' lang='grc' dir='ltr'><strong><em>τε</em></strong></span> <span class='ocrx_word' id='word_1_141' title='bbox 722 1995 777 2062; x_wconf 81' lang='grc' dir='ltr'><strong><em>καὶ</em></strong></span> <span class='ocrx_word' id='word_1_142' title='bbox 796 1999 973 2082; x_wconf 86' lang='grc' dir='ltr'><strong><em>φρόνησιν,</em></strong></span> <span class='ocrx_word' id='word_1_143' title='bbox 997 1998 1077 2063; x_wconf 82' lang='grc' dir='ltr'><strong><em>ὅταν</em></strong></span> 
     </span>
     <span class='ocr_line' id='line_1_19' title="bbox 93 2097 1077 2189; baseline 0.013 -34"><span class='ocrx_word' id='word_1_144' title='bbox 93 2109 221 2186; x_wconf 75' lang='grc' dir='ltr'><strong><em>κοινωνῇ.</em></strong></span> <span class='ocrx_word' id='word_1_145' title='bbox 268 2097 366 2180; x_wconf 85' lang='grc' dir='ltr'><strong><em>οὗτος</em></strong></span> <span class='ocrx_word' id='word_1_146' title='bbox 388 2104 452 2189; x_wconf 79' lang='grc' dir='ltr'><strong><em>γάρ</em></strong></span> <span class='ocrx_word' id='word_1_147' title='bbox 476 2103 583 2187; x_wconf 88' lang='grc' dir='ltr'><strong><em>ἐστιν,</em></strong></span> <span class='ocrx_word' id='word_1_148' title='bbox 607 2109 698 2189; x_wconf 86' lang='grc' dir='ltr'><strong><em>είπερ</em></strong></span> <span class='ocrx_word' id='word_1_149' title='bbox 720 2126 771 2180; x_wconf 89' lang='grc' dir='ltr'><strong><em>τις</em></strong></span> <span class='ocrx_word' id='word_1_150' title='bbox 793 2104 902 2185; x_wconf 79' lang='grc' dir='ltr'><strong><em>ἄλλος,</em></strong></span> <span class='ocrx_word' id='word_1_151' title='bbox 926 2102 944 2167; x_wconf 88' lang='grc' dir='ltr'>ὁ</span> <span class='ocrx_word' id='word_1_152' title='bbox 966 2102 1077 2179; x_wconf 85' lang='grc' dir='ltr'><strong><em>τευξό-</em></strong></span> 
     </span>
     <span class='ocr_line' id='line_1_20' title="bbox 94 2204 1077 2294; baseline -0.004 -18"><span class='ocrx_word' id='word_1_153' title='bbox 94 2218 167 2282; x_wconf 58' lang='lat' dir='ltr'><strong><em>mog</em></strong></span> <span class='ocrx_word' id='word_1_154' title='bbox 186 2215 248 2273; x_wconf 83' lang='grc' dir='ltr'><strong><em>τοῦ</em></strong></span> <span class='ocrx_word' id='word_1_155' title='bbox 272 2210 377 2287; x_wconf 80' lang='grc' dir='ltr'><strong><em>ὄντος.</em></strong></span> <span class='ocrx_word' id='word_1_156' title='bbox 422 2209 549 2294; x_wconf 78' lang='grc' dir='ltr'><strong><em>ἀνάγκη</em></strong></span> <span class='ocrx_word' id='word_1_157' title='bbox 574 2210 615 2294; x_wconf 85' lang='grc' dir='ltr'><strong><em>δή</em></strong></span> <span class='ocrx_word' id='word_1_158' title='bbox 644 2204 706 2275; x_wconf 85' lang='grc' dir='ltr'><strong><em>οὖν</em></strong></span> <span class='ocrx_word' id='word_1_159' title='bbox 730 2208 765 2274; x_wconf 88' lang='grc' dir='ltr'><strong><em>ἐκ</em></strong></span> <span class='ocrx_word' id='word_1_160' title='bbox 791 2209 925 2274; x_wconf 83' lang='grc' dir='ltr'><strong><em>πάντων</em></strong></span> <span class='ocrx_word' id='word_1_161' title='bbox 947 2209 1077 2273; x_wconf 84' lang='grc' dir='ltr'><strong><em>τούτων</em></strong></span> 
     </span>
     <span class='ocr_line' id='line_1_21' title="bbox 60 2314 1117 2399; baseline 0.003 -22.1"><span class='ocrx_word' id='word_1_162' title='bbox 60 2314 293 2393; x_wconf 62' lang='grc' dir='ltr'><strong><em>,παρίστασθαι</em></strong></span> <span class='ocrx_word' id='word_1_163' title='bbox 322 2314 423 2394; x_wconf 80' lang='grc' dir='ltr'><strong><em>δόξαν</em></strong></span> <span class='ocrx_word' id='word_1_164' title='bbox 451 2316 584 2381; x_wconf 75' lang='grc' dir='ltr'><strong><em>τοιάνδε</em></strong></span> <span class='ocrx_word' id='word_1_165' title='bbox 611 2317 687 2381; x_wconf 86' lang='grc' dir='ltr'><strong><em>τινά</em></strong></span> <span class='ocrx_word' id='word_1_166' title='bbox 713 2325 783 2392; x_wconf 82' lang='grc' dir='ltr'><strong><em>τοῖς</em></strong></span> <span class='ocrx_word' id='word_1_167' title='bbox 808 2318 960 2399; x_wconf 78' lang='grc' dir='ltr'><strong><em>γνησιοις</em></strong></span> <span class='ocrx_word' id='word_1_168' title='bbox 982 2319 1077 2399; x_wconf 88' lang='grc' dir='ltr'><strong><em>φιλο·</em></strong></span> <span class='ocrx_word' id='word_1_169' title='bbox 1091 2332 1117 2371; x_wconf 79' lang='lat'><strong><em>²0</em></strong></span> 
     </span>
     <span class='ocr_line' id='line_1_22' title="bbox 60 2394 1077 2506; baseline 0.007 -25.257"><span class='ocrx_word' id='word_1_170' title='bbox 60 2394 196 2502; x_wconf 73' lang='grc' dir='ltr'><strong><em>1ξόφοις,</em></strong></span> <span class='ocrx_word' id='word_1_171' title='bbox 220 2418 381 2486; x_wconf 79' lang='grc' dir='ltr'><strong><em>ὥστεκαὶ</em></strong></span> <span class='ocrx_word' id='word_1_172' title='bbox 404 2421 487 2506; x_wconf 86' lang='grc' dir='ltr'><strong><em>πρὸς</em></strong></span> <span class='ocrx_word' id='word_1_173' title='bbox 509 2420 673 2505; x_wconf 74' lang='grc' dir='ltr'><strong><em>ἀλλήλους</em></strong></span> <span class='ocrx_word' id='word_1_174' title='bbox 695 2431 831 2488; x_wconf 87' lang='grc' dir='ltr'><strong><em>τοιαῦτα</em></strong></span> <span class='ocrx_word' id='word_1_175' title='bbox 855 2423 934 2487; x_wconf 87' lang='grc' dir='ltr'><strong><em>άττα</em></strong></span> <span class='ocrx_word' id='word_1_176' title='bbox 957 2419 1077 2506; x_wconf 76' lang='grc' dir='ltr'><strong><em>λέγειν,</em></strong></span> 
     </span>
     <span class='ocr_line' id='line_1_23' title="bbox 60 2508 1078 2613; baseline 0.005 -25.178"><span class='ocrx_word' id='word_1_177' title='bbox 60 2508 130 2580; x_wconf 66' lang='grc' dir='ltr'><strong><em>ὅν</em></strong></span> <span class='ocrx_word' id='word_1_178' title='bbox 145 2526 329 2590; x_wconf 86' lang='grc' dir='ltr'><strong><em>κινδυνεύει</em></strong></span> <span class='ocrx_word' id='word_1_179' title='bbox 350 2549 383 2590; x_wconf 94' lang='grc' dir='ltr'><strong><em>τι</em></strong></span> <span class='ocrx_word' id='word_1_180' title='bbox 405 2527 516 2612; x_wconf 81' lang='grc' dir='ltr'><strong><em>ὥσπερ</em></strong></span> <span class='ocrx_word' id='word_1_181' title='bbox 543 2526 689 2612; x_wconf 81' lang='grc' dir='ltr'><strong><em>ἀτραπὸς</em></strong></span> <span class='ocrx_word' id='word_1_182' title='bbox 715 2525 868 2611; x_wconf 88' lang='grc' dir='ltr'><strong><em>ἐκφερειν</em></strong></span> <span class='ocrx_word' id='word_1_183' title='bbox 890 2528 975 2612; x_wconf 79' lang='grc' dir='ltr'><strong><em>ἡμᾶς</em></strong></span> <span class='ocrx_word' id='word_1_184' title='bbox 998 2530 1078 2613; x_wconf 86' lang='grc' dir='ltr'><strong><em>μετά</em></strong></span> 
     </span>
     <span class='ocr_line' id='line_1_24' title="bbox 70 2620 1077 2717; baseline 0.004 -23"><span class='ocrx_word' id='word_1_185' title='bbox 70 2620 136 2686; x_wconf 60' lang='lat' dir='ltr'><strong><em>&amp;tofi</em></strong></span> <span class='ocrx_word' id='word_1_186' title='bbox 153 2633 251 2714; x_wconf 84' lang='grc' dir='ltr'><strong><em>λόγου</em></strong></span> <span class='ocrx_word' id='word_1_187' title='bbox 273 2630 310 2696; x_wconf 90' lang='grc' dir='ltr'><strong><em>ἐν</em></strong></span> <span class='ocrx_word' id='word_1_188' title='bbox 328 2639 367 2715; x_wconf 74' lang='grc' dir='ltr'><strong><em>τῇ</em></strong></span> <span class='ocrx_word' id='word_1_189' title='bbox 390 2629 515 2716; x_wconf 81' lang='grc' dir='ltr'><strong><em>σκέψει,</em></strong></span> <span class='ocrx_word' id='word_1_190' title='bbox 539 2632 599 2715; x_wconf 78' lang='grc' dir='ltr'><strong><em>ὅτι,</em></strong></span> <span class='ocrx_word' id='word_1_191' title='bbox 623 2631 685 2710; x_wconf 78' lang='grc' dir='ltr'><strong><em>ἕως</em></strong></span> <span class='ocrx_word' id='word_1_192' title='bbox 708 2633 750 2699; x_wconf 83' lang='grc' dir='ltr'><strong><em>άν</em></strong></span> <span class='ocrx_word' id='word_1_193' title='bbox 772 2635 810 2699; x_wconf 88' lang='grc' dir='ltr'><strong><em>τὸ</em></strong></span> <span class='ocrx_word' id='word_1_194' title='bbox 834 2642 928 2716; x_wconf 79' lang='grc' dir='ltr'><strong><em>σῶμα</em></strong></span> <span class='ocrx_word' id='word_1_195' title='bbox 951 2636 1077 2717; x_wconf 82' lang='grc' dir='ltr'><strong><em>ἔχωμεν</em></strong></span> 
     </span>
     <span class='ocr_line' id='line_1_25' title="bbox 70 2725 1091 2829; baseline 0.001 -28"><span class='ocrx_word' id='word_1_196' title='bbox 70 2725 133 2790; x_wconf 60' lang='lat'><strong><em>¹²⁰2</em></strong></span> <span class='ocrx_word' id='word_1_197' title='bbox 155 2734 407 2822; x_wconf 82' lang='grc' dir='ltr'><strong><em>ξυμπεφυρμένη</em></strong></span> <span class='ocrx_word' id='word_1_198' title='bbox 435 2730 499 2824; x_wconf 83' lang='grc' dir='ltr'><strong><em>&lt;ή&gt;</em></strong></span> <span class='ocrx_word' id='word_1_199' title='bbox 527 2738 621 2823; x_wconf 80' lang='grc' dir='ltr'><strong><em>ήμῶν</em></strong></span> <span class='ocrx_word' id='word_1_200' title='bbox 648 2738 668 2821; x_wconf 83' lang='grc' dir='ltr'><strong><em>ή</em></strong></span> <span class='ocrx_word' id='word_1_201' title='bbox 697 2738 786 2822; x_wconf 82' lang='grc' dir='ltr'><strong><em>ψυχή</em></strong></span> <span class='ocrx_word' id='word_1_202' title='bbox 814 2739 895 2822; x_wconf 86' lang='grc' dir='ltr'><strong><em>μετά</em></strong></span> <span class='ocrx_word' id='word_1_203' title='bbox 920 2738 1091 2829; x_wconf 48' lang='grc' dir='ltr'><strong><em>τοιούτου·</em></strong></span> 
     </span>
     <span class='ocr_line' id='line_1_26' title="bbox 96 2839 1116 2929; baseline 0.013 -34"><span class='ocrx_word' id='word_1_204' title='bbox 96 2847 181 2925; x_wconf 72' lang='grc' dir='ltr'><strong><em>κακοῦ,</em></strong></span> <span class='ocrx_word' id='word_1_205' title='bbox 204 2843 245 2908; x_wconf 85' lang='grc' dir='ltr'><strong><em>οὐ</em></strong></span> <span class='ocrx_word' id='word_1_206' title='bbox 268 2845 393 2927; x_wconf 90' lang='grc' dir='ltr'><strong><em>μήποτε</em></strong></span> <span class='ocrx_word' id='word_1_207' title='bbox 410 2845 609 2929; x_wconf 82' lang='grc' dir='ltr'><strong><em>κτησώμεθα</em></strong></span> <span class='ocrx_word' id='word_1_208' title='bbox 634 2845 754 2921; x_wconf 83' lang='grc' dir='ltr'><strong><em>ίκαυῶς</em></strong></span> <span class='ocrx_word' id='word_1_209' title='bbox 773 2839 814 2909; x_wconf 81' lang='grc' dir='ltr'><strong><em>οὗ</em></strong></span> <span class='ocrx_word' id='word_1_210' title='bbox 833 2842 1076 2928; x_wconf 86' lang='grc' dir='ltr'><strong><em>ἐπιθυμοῦμεν·</em></strong></span> <span class='ocrx_word' id='word_1_211' title='bbox 1090 2860 1116 2900; x_wconf 79' lang='lat'><strong><em>25</em></strong></span> 
     </span>
     <span class='ocr_line' id='line_1_27' title="bbox 60 2938 1076 3036; baseline 0.003 -25"><span class='ocrx_word' id='word_1_212' title='bbox 60 3014 62 3025; x_wconf 68' lang='grc'>,</span> <span class='ocrx_word' id='word_1_213' title='bbox 97 2938 177 3020; x_wconf 51' lang='lat' dir='ltr'><strong><em>Pam</em></strong></span> <span class='ocrx_word' id='word_1_214' title='bbox 208 2946 245 3014; x_wconf 77' lang='grc' dir='ltr'><strong><em>δὲ</em></strong></span> <span class='ocrx_word' id='word_1_215' title='bbox 277 2957 376 3015; x_wconf 86' lang='grc' dir='ltr'><strong><em>τοῦτο</em></strong></span> <span class='ocrx_word' id='word_1_216' title='bbox 410 2943 496 3014; x_wconf 81' lang='grc' dir='ltr'><strong><em>εἶναι</em></strong></span> <span class='ocrx_word' id='word_1_217' title='bbox 526 2952 564 3016; x_wconf 89' lang='grc' dir='ltr'><strong><em>τὸ</em></strong></span> <span class='ocrx_word' id='word_1_218' title='bbox 597 2949 729 3033; x_wconf 80' lang='grc' dir='ltr'><strong><em>ἀληθές.</em></strong></span> <span class='ocrx_word' id='word_1_219' title='bbox 775 2951 895 3036; x_wconf 90' lang='grc' dir='ltr'><strong><em>μυρίας</em></strong></span> <span class='ocrx_word' id='word_1_220' title='bbox 924 2947 985 3034; x_wconf 75' lang='grc' dir='ltr'><strong><em>μὲν</em></strong></span> <span class='ocrx_word' id='word_1_221' title='bbox 1012 2952 1076 3036; x_wconf 79' lang='grc' dir='ltr'><strong><em>γάρ</em></strong></span> 
     </span>
    </p>
   </div>
   <div class='ocr_carea' id='block_1_3' title="bbox 60 3033 1076 3191">
    <p class='ocr_par' dir='ltr' id='par_1_3' title="bbox 60 3033 1076 3191">
     <span class='ocr_line' id='line_1_28' title="bbox 60 3033 1076 3141; baseline 0.001 -22"><span class='ocrx_word' id='word_1_222' title='bbox 60 3058 63 3133; x_wconf 80' lang='grc'>1</span> <span class='ocrx_word' id='word_1_223' title='bbox 97 3033 153 3119; x_wconf 62' lang='grc' dir='ltr'><strong><em>ἡμῖν</em></strong></span> <span class='ocrx_word' id='word_1_224' title='bbox 178 3054 332 3140; x_wconf 82' lang='grc' dir='ltr'><strong><em>ἀσχολίας</em></strong></span> <span class='ocrx_word' id='word_1_225' title='bbox 359 3055 492 3141; x_wconf 81' lang='grc' dir='ltr'><strong><em>παρέχει</em></strong></span> <span class='ocrx_word' id='word_1_226' title='bbox 519 3058 557 3121; x_wconf 90' lang='grc' dir='ltr'><strong><em>τὸ</em></strong></span> <span class='ocrx_word' id='word_1_227' title='bbox 590 3067 683 3141; x_wconf 85' lang='grc' dir='ltr'><strong><em>σῶμα</em></strong></span> <span class='ocrx_word' id='word_1_228' title='bbox 717 3057 773 3121; x_wconf 79' lang='grc' dir='ltr'><strong><em>διὰ</em></strong></span> <span class='ocrx_word' id='word_1_229' title='bbox 801 3058 863 3140; x_wconf 82' lang='grc' dir='ltr'><strong><em>τήν</em></strong></span> <span class='ocrx_word' id='word_1_230' title='bbox 893 3055 1076 3138; x_wconf 82' lang='grc' dir='ltr'><strong><em>άνανκαίαν</em></strong></span> 
     </span>
     <span class='ocr_line' id='line_1_29' title="bbox 60 3155 278 3191; baseline -0.009 1"><span class='ocrx_word' id='word_1_231' title='bbox 60 3162 62 3167; x_wconf 92' lang='grc'><strong>“</strong></span> <span class='ocrx_word' id='word_1_232' title='bbox 96 3155 278 3191; x_wconf 45' lang='lat' dir='ltr'><strong><em>N..—</em></strong></span> 
     </span>
    </p>
   </div>
   <div class='ocr_carea' id='block_1_4' title="bbox 92 3247 811 3365">
    <p class='ocr_par' dir='ltr' id='par_1_4' title="bbox 92 3247 811 3365">
     <span class='ocr_line' id='line_1_30' title="bbox 159 3247 811 3318; baseline 0.009 -23"><span class='ocrx_word' id='word_1_233' title='bbox 159 3247 182 3297; x_wconf 80' lang='lat'><strong><em>2.</em></strong></span> <span class='ocrx_word' id='word_1_234' title='bbox 200 3263 226 3316; x_wconf 90' lang='lat' dir='ltr'><strong><em>p.</em></strong></span> <span class='ocrx_word' id='word_1_235' title='bbox 242 3248 408 3318; x_wconf 78' lang='grc' dir='ltr'><strong><em>65,6Ρ1κι.</em></strong></span> <span class='ocrx_word' id='word_1_236' title='bbox 427 3247 568 3304; x_wconf 77' lang='lat' dir='ltr'>Phaedon.</span> <span class='ocrx_word' id='word_1_237' title='bbox 587 3266 614 3317; x_wconf 89' lang='lat' dir='ltr'>p</span> <span class='ocrx_word' id='word_1_238' title='bbox 631 3253 664 3303; x_wconf 85' lang='grc'><strong><em>65</em></strong></span> <span class='ocrx_word' id='word_1_239' title='bbox 674 3247 811 3303; x_wconf 80' lang='lat' dir='ltr'><strong>D-67B</strong></span> 
     </span>
     <span class='ocr_line' id='line_1_31' title="bbox 92 3326 277 3365; baseline 0.022 -4"><span class='ocrx_word' id='word_1_240' title='bbox 92 3326 277 3365; x_wconf 25' lang='grc' dir='ltr'><strong><em>χ.</em></strong></span> 
     </span>
    </p>
   </div>
   <div class='ocr_carea' id='block_1_5' title="bbox 84 3419 1075 3568">
    <p class='ocr_par' dir='ltr' id='par_1_5' title="bbox 105 3419 1075 3568">
     <span class='ocr_line' id='line_1_32' title="bbox 160 3419 1075 3552; baseline 0.008 -81"><span class='ocrx_word' id='word_1_241' title='bbox 160 3425 176 3471; x_wconf 76' lang='lat'><strong>3</strong></span> <span class='ocrx_word' id='word_1_242' title='bbox 193 3419 258 3478; x_wconf 75' lang='grc' dir='ltr'><strong><em>οὐδὲ</em></strong></span> <span class='ocrx_word' id='word_1_243' title='bbox 273 3421 395 3492; x_wconf 82' lang='grc' dir='ltr'><strong><em>πώποτε,</em></strong></span> <span class='ocrx_word' id='word_1_244' title='bbox 409 3427 442 3480; x_wconf 72' lang='lat' dir='ltr'><strong><em>ut</em></strong></span> <span class='ocrx_word' id='word_1_245' title='bbox 456 3425 528 3480; x_wconf 77' lang='lat' dir='ltr'><strong>solet</strong></span> <span class='ocrx_word' id='word_1_246' title='bbox 541 3427 550 3493; x_wconf 96' lang='grc'><strong><em>11</em></strong></span> <span class='ocrx_word' id='word_1_247' title='bbox 564 3420 636 3481; x_wconf 71' lang='grc'><strong><em>21“</em></strong></span> <span class='ocrx_word' id='word_1_248' title='bbox 617 3444 687 3479; x_wconf 90' lang='grc' dir='ltr'><strong><em>αττα</em></strong></span> <span class='ocrx_word' id='word_1_249' title='bbox 681 3427 710 3552; x_wconf 66' lang='grc'><strong><em>611</em></strong></span> <span class='ocrx_word' id='word_1_250' title='bbox 724 3429 757 3477; x_wconf 75' lang='lat'><strong><em>22</em></strong></span> <span class='ocrx_word' id='word_1_251' title='bbox 777 3443 820 3478; x_wconf 87' lang='grc' dir='ltr'><strong><em>τοι</em></strong></span> <span class='ocrx_word' id='word_1_252' title='bbox 836 3424 883 3478; x_wconf 85' lang='lat' dir='ltr'><strong><em>vel</em></strong></span> <span class='ocrx_word' id='word_1_253' title='bbox 896 3443 937 3486; x_wconf 85' lang='grc' dir='ltr'><strong><em>τις</em></strong></span> <span class='ocrx_word' id='word_1_254' title='bbox 949 3422 1075 3478; x_wconf 79' lang='lat' dir='ltr'>Platonis</span> 
     </span>
     <span class='ocr_line' id='line_1_33' title="bbox 84 3469 935 3568; baseline -0.013 -9.718"><span class='ocrx_word' id='word_1_255' title='bbox 84 3469 148 3533; x_wconf 44' lang='grc' dir='ltr'><strong><em>Μὰ</em></strong></span> <span class='ocrx_word' id='word_1_256' title='bbox 167 3485 255 3557; x_wconf 73' lang='grc'><strong><em>124</em></strong></span> <span class='ocrx_word' id='word_1_257' title='bbox 237 3514 254 3564; x_wconf 87' lang='grc' dir='ltr'><strong><em>η</em></strong></span> <span class='ocrx_word' id='word_1_258' title='bbox 274 3510 308 3548; x_wconf 86' lang='lat' dir='ltr'><strong><em>ex</em></strong></span> <span class='ocrx_word' id='word_1_259' title='bbox 326 3496 349 3550; x_wconf 94' lang='lat' dir='ltr'>P</span> <span class='ocrx_word' id='word_1_260' title='bbox 366 3494 476 3551; x_wconf 75' lang='lat' dir='ltr'>addidit</span> <span class='ocrx_word' id='word_1_261' title='bbox 464 3497 542 3568; x_wconf 75' lang='grc' dir='ltr'><strong><em>ίΑ11</em></strong></span> <span class='ocrx_word' id='word_1_262' title='bbox 556 3502 590 3552; x_wconf 79' lang='lat'><strong><em>25</em></strong></span> <span class='ocrx_word' id='word_1_263' title='bbox 609 3515 678 3567; x_wconf 88' lang='grc' dir='ltr'><strong><em>κτηο</em></strong></span> <span class='ocrx_word' id='word_1_264' title='bbox 681 3492 778 3568; x_wconf 76' lang='grc' dir='ltr'><strong><em>ὁμεθα</em></strong></span> <span class='ocrx_word' id='word_1_265' title='bbox 792 3492 935 3566; x_wconf 57' lang='grc' dir='ltr'><strong><em>δοδὶςοε</em></strong></span> 
     </span>
    </p>
   </div>
   <div class='ocr_carea' id='block_1_6' title="bbox 0 0 1220 3930">
    <p class='ocr_par' dir='ltr' id='par_1_6' title="bbox 0 0 1220 3930">
     <span class='ocr_line' id='line_1_34' title="bbox 0 0 1220 3930; baseline 0 0"><span class='ocrx_word' id='word_1_266' title='bbox 0 0 1220 3930; x_wconf 95' lang='lat' dir='ltr'><strong><em> </em></strong></span> 
     </span>
    </p>
   </div>
  </div>
 </body>
</html>
