2400 3930
137 153 160 214 4
360 149 484 205 IAMBL.
503 147 706 204 PROTREPT.
727 149 928 206 SUMMARIA.

223 309 423 391 Ἰδιοίζουσαι
435 313 657 398 παρακλήσεις
671 312 754 397 πρὸς
763 312 825 394 τήν
833 313 1048 397 θεωρητικήν
1061 319 1152 398 φιλο·
1170 326 1180 369 λ

137 421 263 504 σοφίαν
286 417 342 482 καλ
366 419 593 503 διαφερόντως
614 418 676 500 τήν
699 420 781 482 κατὰ
803 427 888 483 νοῦν
912 420 1009 501 ζωήν,
1037 419 1076 483 αί
1096 417 1153 504 μὸν

137 524 201 590 ἀπὸ
225 535 283 610 τής
302 534 364 589 τοῦ
383 526 488 602 όνιως
506 523 692 610 ἀνθρώπου
715 526 858 609 φύσεως,
883 525 920 587 αί
940 521 977 588 δὸ
1001 524 1068 590 ἀπὸ
1091 537 1154 591 τῶν

137 633 288 718 ἐναργῶν
311 626 624 716 ὑπομιμνῄσκουσαν
650 627 743 695 τουτὶ
770 631 808 695 τὸ
831 633 1064 716 προκείμενον.

109 758 122 798 ι
221 735 435 822 Ἵπομνήσεις
458 735 521 801 ἀπὸ
544 746 612 800 τῶν
631 747 754 801 κοινῶν
778 736 919 802 ἐννοιῶν
937 740 1180 822 παραμυθού-ῑ

136 867 234 929 μεναι
256 845 293 908 τὸ
317 844 455 929 πρώτως
478 842 615 928 ὀρεκτὸν
638 840 693 908 καλ
717 837 761 906 δι’
784 841 881 908 ἑαυτὸ
905 843 1041 928 αἱρετὸν
1064 850 1156 929 φιλο

137 953 268 1035 σοφίας,
288 949 436 1036 ἐναργῶς
449 973 484 1015 τε
502 950 711 1035 προάγουσαι
730 951 777 1025 είς
796 950 859 1032 τήν
877 951 1075 1035 προτροπὴν
1091 936 1156 1017 Ιοἰπὸ

136 1068 204 1123 τῶν
227 1060 408 1143 γνωρίμων
430 1068 501 1134 τοῖς
523 1066 633 1122 πᾶσιν.

222 1160 300 1228 Ἀπὸ
324 1173 385 1228 τοῦ
408 1166 616 1247 βουλήματος
633 1170 691 1246 τής
710 1163 843 1246 φύσεως
866 1163 991 1245 ἔφοδος
1010 1164 1062 1240 είς
1080 1178 1180 1251 προ-ἰ

97 1291 123 1329 ιο
137 1269 264 1352 τροπήν
286 1271 369 1333 κατὰ
391 1270 453 1352 τήν
479 1270 686 1353 Πυθαγόρου
710 1267 902 1353 ἀπόκρισιν,
926 1267 970 1351 ἣν
994 1263 1069 1335 εἷπε
1090 1281 1159 1348 τοῖς

136 1374 176 1439 ἐν
198 1379 360 1439 Φλιοῦντι
387 1373 659 1459 πυνθανομένοις
687 1377 736 1451 τίς
765 1374 834 1439 ἐστι
851 1370 916 1439 λιαὸ
944 1377 1039 1452 τίνος
1059 1375 1161 1445 ἕνεκα

136 1480 265 1563 γε’·γονε
296 1482 398 1566 ταύτῃ
422 1481 485 1566 γὰρ
510 1476 677 1563 ἑπομένως
700 1483 963 1566 συλλογιζόμεθα
988 1481 1053 1564 τήν
1076 1504 1185 1569 προ-ο

139 1588 267 1672 τροπήν
290 1587 382 1670 ὅλην

218 1690 289 1757 Ὅτι
307 1691 362 1758 καλ
376 1693 520 1778 μεγάλας
535 1691 696 1777 ωφελείας
714 1693 888 1778 παρέχεται
904 1694 988 1779 πρὸς
1000 1696 1065 1760 τὸν
1084 1699 1161 1780 βίον
1177 1713 1198 1762 1

97 1798 157 1881 ιιή
181 1802 369 1884 θεωρητική
393 1803 572 1886 φρόνησις,
600 1800 804 1885 ὑπομνήσεις
832 1803 983 1877 πλείονες
1009 1801 1069 1868 καὶ
1096 1803 1198 1899 ἀπὸ

136 1906 302 1971 πλειόνων
321 1906 485 1993 ἀφορμῶν
502 1909 621 1992 τρόποι
639 1930 674 1972 τε
692 1915 750 1990 τῆς
768 1910 880 1993 χρείας
898 1907 1163 1975 ὑποδείκνυνται

138 2013 297 2099 διοίφοροι
319 2013 477 2101 καὶπρὸς
494 2016 601 2080 πολλὰ
619 2012 696 2098 τέλη
720 2025 788 2079 τῶν
811 2016 1059 2100 συμφερόντων
1081 2016 1164 2103 ήμϊν

139 2123 416 2206 συμβαλλόμενοι.

220 2225 290 2291 Ὅτι
310 2235 355 2314 τῷ
369 2229 430 2292 τὸν
443 2228 526 2291 κατδι
544 2233 630 2290 νοῦν
650 2223 794 2312 ἑλομένῳ
814 2228 891 2310 βίον
908 2224 965 2291 καὶ
983 2228 1021 2292 τὸ
1040 2240 1164 2315 χαῖρον
1175 2242 1198 2295 n

102 2353 128 2391 20
143 2333 372 2416 διαφερόντως
394 2332 541 2418 ὑπάρχει.
1194 2384 1198 2431 1

130 2508 132 2521 Ι
224 2434 302 2501 Ἀπὸ
322 2446 383 2502 τοῦ
401 2439 484 2522 πρὸς
502 2437 721 2521 εὐδαιμονίαν
740 2437 856 2524 φέρειν
877 2442 1091 2524 φιλοσοφίαν
1113 2452 1198 2509 τε-ΙΙ

100 2579 101 2582 ¹
139 2540 221 2620 λέως
243 2541 299 2608 καλ
318 2544 453 2627 ἀληθῶς
471 2545 595 2628 έφοδος
614 2547 660 2620 είς
673 2547 867 2630 προτροπήν
880 2555 941 2610 τοῦ
956 2551 1165 2634 φιλοσοφεῖν

137 2648 253 2715 τελέαν
276 2648 332 2715 καλ
355 2649 618 2735 ἀννσιμωτοίτην.

224 2751 301 2822 Ἀπὸ
320 2768 388 2822 τῶν
401 2754 477 2842 περὶ
496 2760 700 2843 φιλοσοφίας
717 2740 859 2824 έννὸιῶν
878 2759 997 2843 ἔφοδοι
1016 2761 1067 2838 είς
1080 2772 1198 2850 προ-Ι]

99 2882 124 2922 25
137 2864 266 2947 τροπήν
286 2866 369 2928 κατδι
386 2866 443 2940 τὰς
462 2867 703 2950 Πυθαγορικὸς
720 2865 899 2942 ὑποθέσεις
921 2862 976 2929 καλ
995 2870 1082 2932 κατὰ
1104 2871 1164 2947 τὰς

139 2969 277 3054 ἀληθείς
299 2967 375 3055 περὶ
398 2980 505 3055 ψυχῆς
529 2970 636 3050 δόξας.

225 3072 303 3141 Ἀπὸ
330 3085 392 3141 τοῦ
419 3079 497 3160 βίον
524 3086 584 3142 τοῦ
617 3078 654 3144 ἐν
685 3080 870 3165 φιλοσοφίᾳ
902 3077 957 3143 καλ
988 3087 1048 3162 τής
1083 3083 1198 3168 όλήςίλ

140 3186 221 3266 ζωής
243 3192 304 3249 τοῦ
328 3185 520 3269 φιλοσόφον
544 3183 747 3270 δφορμαὸεί
717 3209 763 3262 ες
787 3188 990 3273 προτροπήν,
1016 3184 1105 3270 ὁμοῦ
1130 3187 1162 3268 έξ

230 3383 243 3429 1
266 3374 462 3436 summaria&
479 3373 538 3444 etc
553 3378 609 3432 hl
625 3377 774 3433 coniuncta
788 3373 958 3447 εαολή3”ν
924 3397 958 3432 ον
960 3398 997 3432 τω
999 3379 1078 3442 ςίολ.
1090 3387 1160 3438 m:

140 3443 188 3502 ὅντ
174 3449 255 3509 weh.
262 3448 280 3502 l.
296 3447 305 3520 ή
319 3449 405 3515 6πρῶ
408 3468 457 3503 τον
466 3449 515 3504 fol
526 3451 584 3503 58ὸ
598 3449 607 3520 ή
620 3444 728 3504 αντὸλι
739 3449 756 3504 l.
771 3448 781 3521 ή
795 3450 890 3503 8πασι
899 3449 948 3504 fol
960 3452 1017 3505 581>
1027 3450 1037 3523 ή
1048 3459 1083 3508 19
1095 3453 1160 3510 fort„

139 3539 186 3588 γαι
183 3520 229 3586 ρει
221 3538 248 3572 ιν
258 3520 292 3574 ολ.
304 3537 331 3589 p.
343 3523 403 3587 160,
414 3523 470 3574 6οὸ
481 3526 540 3590 170,
547 3520 667 3575 3Kiessl.
678 3517 840 3592 ήλδτελέαν
850 3520 898 3577 fol
910 3521 981 3576 6211:
975 3521 1158 3587 ·τελὲως111.
