2400 3930
135 160 179 224 42
544 159 736 216 IAMBLIOHI

135 324 299 408 πράττειν.
344 323 416 406 ἥτις
451 320 531 388 ποτὲ
568 317 631 388 οὑν
668 322 759 388 ἐστιν
796 322 896 408 ἀρετὴ
931 323 1059 388 τούτου
1094 346 1111 386 τ

135 428 271 513 μέρους,
302 429 486 513 ἀναγκαίου
513 423 599 495 εἶναι
625 429 761 494 πάντων
789 429 1016 514 αἱρετωτάτην
1044 429 1112 494 διπλι

135 559 170 602 τε
193 545 273 602 πᾶσι
295 534 351 602 καὶ
373 536 466 622 ημῖν·
494 534 549 602 καὶ
572 537 636 621 γάρ
659 534 701 601 ἀν
723 544 838 617 τοῦτο,
863 529 968 621 οἶμαι,
990 538 1070 619 θείη
1091 559 1112 600 τι

136 642 181 721 ὡς
198 645 273 726 ἤτοι
291 645 397 728 μόνον
415 642 436 726 ἣ
455 643 596 727 μάλιστα
614 642 708 726 ὑμεῖς
730 642 831 727 ἐσμεν
848 643 886 708 τὸ
906 645 1028 728 μόριον
1045 650 1112 708 τοῖα

108 753 184 815 οὲτι
215 753 334 814 τοίνυν
362 750 442 814 ὅταν
471 749 489 814 δ
521 748 671 834 πέφυκεν
698 752 799 834 ἔργον
827 747 970 814 ἑκάστου
1000 750 1044 832 μὴ
1070 773 1112 813 και

138 857 347 940 συμβεβηκὸς
370 855 454 921 ἀλλὰ
475 851 555 922 καθ’
581 855 662 922 αὑτὸ
686 857 868 939 λεγόμενον
890 855 1050 920 κάλλιστα
1071 855 1112 919 ἀπε

135 969 223 1049 τελῇ,
247 965 320 1028 τότε
343 961 398 1028 καὶ
416 972 516 1029 τοῦτο
539 962 672 1045 ἀγαθὸν
695 956 782 1026 εἶναι
800 960 944 1044 λεκτέον,
969 962 1112 1044 ταύτηνι

135 1069 256 1156 ἀρετὴν
292 1069 413 1136 θετέον
449 1069 672 1155 κυριωτάτην,
708 1065 787 1133 καθ’
820 1067 864 1150 ἣν
895 1066 1036 1132 ἕκαστον
1067 1066 1112 1130 αὐτ

135 1185 234 1242 τοῦτο
258 1177 407 1259 πέφυκεν
430 1175 683 1261 ἀπεργάζεσθαι.
728 1183 789 1240 τοῦ
812 1170 874 1258 μὲν
895 1169 958 1239 οὑν
982 1172 1112 1240 συνθέτι

95 1305 122 1343 10
137 1278 191 1345 καὶ
223 1288 381 1364 μεριστοῦ
412 1282 547 1354 πλείους
578 1275 634 1343 καὶ
666 1279 830 1362 διάφοροί
858 1280 944 1343 είσιν
978 1278 1112 1363 ἐνίργειι

134 1393 194 1449 τοῦ
219 1382 340 1466 δὲτὴν
364 1385 469 1466 φύσιν
496 1383 605 1450 διπλοῦ
631 1381 686 1448 καὶ
719 1386 763 1468 μη
787 1385 869 1470 πρὸς
891 1383 924 1450 τὶ
946 1388 1010 1470 την
1033 1385 1112 1452 οὑσά

135 1492 269 1575 ἔχοντος
296 1492 376 1575 μίαν
399 1489 581 1573 ἀναγκαῖον
611 1484 697 1555 εἶναι
724 1492 786 1573 τὴν
813 1487 892 1556 καθ’
920 1491 1002 1557 αὑτὸ
1030 1492 1112 1578 κυρίι

135 1597 265 1683 ἀρετήν.
302 1593 412 1681 εἰμὲν
436 1591 499 1662 οὑν
518 1596 647 1662 ἁπλοῦν
664 1619 697 1661 τι
718 1599 802 1684 ζῷόν
821 1597 912 1662 ἐστιν
934 1597 951 1663 ὁ
972 1599 1112 1684 άνθρωπ

136 1703 191 1770 καὶ
214 1706 297 1770 κατδ
320 1706 423 1787 λόγον
446 1700 502 1769 καὶ
520 1712 606 1769 νοῦν
625 1701 775 1768 τέτακται
794 1703 900 1770 αὑτοῦ
918 1703 939 1787 ἡ
958 1705 1068 1788 οὐσία,
1091 1729 1110 1771 ο

91 1830 119 1871 τε
135 1813 215 1877 ἀλλο
243 1809 335 1876 ἐστὶν
358 1810 463 1876 αὑτοῦ
490 1813 590 1896 ἔργον
618 1809 638 1894 ἢ
662 1812 747 1894 μόνη
775 1809 796 1893 η
825 1809 1042 1895 ἀκριβεστάτη
1072 1812 1112 1876 άλ

132 1925 211 1985 θεια
238 1916 294 1984 καὶ
320 1921 357 1984 τὸ
386 1916 461 2005 περὶ
488 1929 556 1983 τῶν
584 1919 692 1984 ’όντων
715 1916 910 1999 ἀληθεύειν·
940 1919 972 1982 εί
999 1913 1030 1983 δ’
1057 1918 1112 1984 ἐστ

133 2027 169 2092 ἐκ
196 2028 360 2092 πλειόνων
387 2025 564 2111 δυνάμεων
591 2025 821 2109 συμπεφυκός,
851 2025 955 2108 δῆλόν
983 2024 1076 2091 ἐστιν
1103 2049 1112 2090 ι

133 2132 190 2219 ἀφ’
218 2129 259 2200 οὑ
288 2135 390 2198 πλείω
417 2132 566 2218 πέφυκεν
594 2131 844 2214 ἀποτελεῖσθαι,
872 2128 923 2195 ἀεὶ
950 2130 1084 2196 τούτων
1109 2159 1112 2174 ·

133 2242 305 2322 βέλτιστον
324 2242 425 2324 ἔργον
444 2239 545 2319 ἐστίν,
570 2231 644 2302 οἷον
664 2239 815 2321 ἰατρικοῦ
838 2236 934 2320 ὑγεία
956 2235 1013 2302 καὶ
1036 2241 1112 2322 κυβι

89 2365 118 2404 ιο
133 2346 236 2427 νητου
255 2345 410 2428 σωτηρία.
452 2341 584 2426 βέλτιον
603 2339 640 2407 δὲ
659 2339 760 2408 οὐδὲν
778 2345 897 2428 ἔχομεν
915 2342 1025 2426 λέγειν
1045 2348 1112 2429 ἕργι

133 2457 191 2532 τῆς
219 2449 371 2524 διανοίας
400 2448 420 2532 ἢ
448 2458 509 2513 τοῦ
542 2450 787 2534 διανοουμένου
820 2458 878 2533 τῆς
909 2459 1019 2534 ψυχῆς
1047 2451 1112 2536 ἡμο·

133 2555 301 2638 ἀληθείας.
337 2554 478 2639 ἀλήθεια
497 2556 561 2637 ἀρα
583 2557 621 2620 τὸ
644 2557 850 2642 κυριώτατον
874 2559 973 2641 ἔργον
998 2557 1112 2624 ἐστὶν

132 2667 253 2748 μορίου
285 2663 407 2728 τούτου
440 2671 497 2746 τῆς
528 2672 644 2748 ψυχῆς.
690 2671 788 2729 τοῦτο
819 2659 855 2727 δὲ
884 2664 948 2749 δρᾷ
974 2660 1049 2729 κατ’
1084 2667 1112 2732 ἐι

126 2772 262 2855 ’στημην
281 2770 402 2854 ἁπλῶς,
424 2775 551 2854 μᾶλλον
570 2765 608 2836 δὲ
626 2770 709 2835 κατδι
726 2770 788 2852 την
807 2774 934 2853 μᾶλλον
953 2769 1112 2858 ἐπιστήμη

89 2894 120 2934 25
136 2877 239 2962 ταὺτη
264 2874 295 2941 δ’
317 2875 387 2943 ἐστὶ
409 2880 538 2964 θεωρία
559 2878 597 2943 τὸ
620 2878 827 2962 κυριώτατον
845 2875 947 2953 τέλος.
984 2877 1069 2943 ὅταν
1088 2905 1110 2963 γ

137 2983 235 3048 δυοῖν
258 2984 372 3048 ὄντοιν
394 2984 541 3071 θάτερον
565 2985 621 3049 διά
643 2984 790 3069 θάτερον
809 2983 941 3069 αίρετὸν
960 2973 991 3068 ᾖ,
1017 2985 1112 3067 βέλτι

135 3088 212 3155 ἐστι·
231 3098 330 3156 τοῦτο
357 3079 567 3175 καὶμᾶλλον
590 3091 723 3176 αίρετὸν
747 3085 792 3154 δι’
818 3090 898 3173 ὅπερ
922 3090 1056 3176 αἱρετόν
1082 3093 1112 3158 ἐι

133 3195 186 3259 καὶ
214 3198 377 3284 θάτερον,
410 3188 484 3263 οἷον
508 3195 616 3281 ἡδονὴ
644 3194 705 3281 μὲν
733 3206 800 3261 τῶν
830 3195 953 3279 ἡδέων,
985 3196 1085 3280 ὑγεία

132 3310 199 3364 τῶν
230 3303 401 3386 ὑγιεινῶν·
433 3312 536 3369 ταῦτα
566 3304 630 3390 γάρ
662 3303 816 3386 ποιητικά
848 3300 978 3386 λέγεται
1009 3306 1112 3371 τοῦτο

221 3463 237 3511 6
256 3455 328 3514 καθ’
349 3453 421 3513 αὑτὸ
444 3462 556 3533 scripsit
575 3459 613 3514 K:
637 3456 702 3515 κατ’
723 3455 794 3515 αὑτὸ
812 3461 822 3530 u
842 3465 874 3515 1‘1
897 3462 1093 3530 συμπεφυκάς

130 3542 226 3598 apogr.
246 3529 355 3586 Gizensi
372 3529 398 3582 Κ
411 3529 423 3596 λ
435 3536 470 3584 28
488 3529 590 3587 τοῦτον
609 3531 723 3602 scripsit
739 3532 777 3586 K:
797 3531 856 3586 τοὺ.
