2400 3930
323 243 325 248 Ι
352 164 625 224 PROTREPTICUS
645 169 679 236 (ε.
694 166 779 236 xm).
1009 167 1070 231 121

51 331 215 415 ἐδηλώδη
238 323 309 395 κατ’
336 327 459 395 οὐδένα
476 331 601 415 τρόπον
624 332 748 416 μόνιμα
766 327 820 394 καί
839 329 879 394 τά
898 329 982 395 αὐτὰ
1001 327 1073 395 ἑαυ-

13 447 128 514 »vote
158 435 366 522 ὑπάρχοντα,
403 435 459 500 ἵνα
490 433 546 500 κοιλ
580 438 721 519 βεβαίαν
752 435 1011 520 ἐπιστημονικόν
1039 459 1075 501 τε

55 543 223 628 ὑπομείνῃ
245 543 431 628 κατάληψιν
453 538 508 607 καὶ
532 541 712 626 ἐπίγνωσιν
735 543 780 620 ὡς
802 542 920 610 ἐκεῖνα.

13 653 43 714 ιε’
152 650 198 715 Τό
221 645 259 715 δὲ
280 647 370 735 περὶ
391 655 497 715 θεῶν
520 645 643 734 μηδὲν
665 650 898 733 θαυμαστὸν
919 646 1074 714 ἀπίστει

13 773 43 817 ιτ
60 750 158 841 μηδὲ
180 753 270 846 περὶ
292 757 416 820 θείων
434 753 640 839 δογμάτων
658 754 836 841 προτρέπει
856 753 1002 840 μετιέναι
1019 751 1101 819 καλε

59 867 203 928 κτᾶσθαι
230 859 341 927 ἐκεῖνα
367 862 408 927 τά
435 863 630 945 μαθήματα,
663 859 707 925 δι’
740 861 760 926 ἃ
793 862 855 927 οὐκ
886 861 1076 945 ἀπιστήσεις

61 965 173 1034 οὐκέτι
195 966 270 1054 περὶ
292 973 385 1034 θεῶν
411 965 467 1033 καὶ
493 964 569 1053 περὶ
591 969 697 1034 θείων
725 968 901 1052 δογμάτων
929 970 1014 1052 ἔχων
1036 969 1076 1032 τά

61 1077 240 1160 μαθήματα
262 1072 318 1139 καὶ
339 1074 397 1151 τάς
420 1072 674 1159 ἐπιστημονικὰς
697 1073 887 1152 ἀποδείξεις.

12 1184 50 1248 ις’
153 1181 200 1245 Τὸ
224 1174 261 1245 δὲ
284 1178 431 1268 άσχέτμ
455 1177 596 1262 γέλωτι
618 1180 667 1264 μη
691 1182 853 1264 ἔχεσθαι
880 1180 979 1263 δηλοῖ
998 1203 1076 1264 κρα·

60 1297 129 1352 τείν
152 1295 220 1350 τών
242 1291 364 1351 παθῶν
388 1285 444 1350 διὰ
469 1287 573 1369 λόγου
600 1288 793 1370 φιλοσόφου
820 1284 949 1370 ἐπέχειν
976 1310 1011 1353 τε
1039 1288 1076 1351 τὸ
1092 1307 1117 1345 10

61 1391 304 1477 εὐμετάβλητον
321 1389 377 1457 καὶ
391 1391 433 1456 οὐ
447 1393 590 1477 μόνιμον
608 1403 676 1457 τῶν
694 1391 921 1477 ἀνθρωπίνων
941 1399 1076 1458 παθῶν·

60 1498 290 1584 ὑπομίμνησκε
318 1493 355 1564 δὲ
378 1499 503 1563 σαυτὸν
530 1507 591 1565 τοῦ
617 1499 726 1582 ὀρθοῦ
754 1501 872 1583 λόγου,
903 1502 983 1583 μήτε
1013 1501 1077 1584 άρα

61 1603 228 1691 εὐτυχίαις
255 1603 436 1690 ἐπιχαυνοῦ
463 1605 544 1688 μήτε
571 1615 761 1689 συμφοραῖς
789 1614 1013 1671 συνταπεινοῦ
1041 1604 1077 1670 ἐν

61 1710 231 1800 οὐδετέρῳ
255 1714 439 1795 μεταβολῆς
462 1713 597 1776 ἔννοιαν
624 1710 911 1794 ὑπολογιζόμενος.
957 1712 1016 1776 τὸν
1041 1708 1078 1776 δὲ

60 1815 186 1900 γέλωτα
204 1813 289 1903 ὑπὲρ
307 1818 442 1882 πάντων
462 1826 530 1882 τῶν
552 1823 680 1883 παθών
695 1817 877 1900 ὠνόμασεν,
902 1817 953 1882 ὅτι
976 1819 1079 1900 μόνος
1093 1837 1118 1878 15

60 1924 202 2008 μάλιστα
226 1921 377 2008 ἐκφανῶς
399 1924 571 2008 μηνύεται,
596 1924 705 2009 ὥσπερ
726 1946 758 1987 τι
777 1921 954 2008 ἐπάνθημα
973 1922 1078 2007 ὑπάρ-

58 2053 129 2115 χων
156 2026 212 2096 καὶ
240 2029 425 2114 ἐπίφλεγμα
456 2028 551 2115 μέχρι
583 2030 765 2114 προσώπου
797 2038 855 2113 τῆς
885 2027 1077 2105 διαθέσεως.

60 2141 141 2214 ἴσως
159 2132 197 2201 δὲ
212 2133 469 2220 [παραγγέλλει],
489 2134 601 2218 ἐπειδὴ
622 2134 806 2220 ἀνθρώπου
824 2136 913 2200 ίδιον
931 2136 1020 2220 παρὰ
1038 2135 1079 2198 τά

58 2243 144 2308 ἄλλα
167 2245 233 2330 ζων
251 2236 349 2318 οὗτος
372 2239 553 2327 (ὁρίζονται
571 2250 657 2326 γοῦν
675 2263 763 2317 τινες
782 2244 866 2329 ζωον
885 2241 965 2308 αὐτὸ
984 2246 1078 2325 γελοι-

59 2349 174 2414 στικὸν
195 2342 307 2447 εἶναι),
332 2347 530 2431 δηλοῦται
513 2348 578 2412 υπὸ
602 2356 662 2413 τοῦ
680 2348 951 2434 παραγγέλματος
973 2350 1010 2415 τὸ
1034 2349 1077 2435 μὴ
1093 2368 1119 2409 εο

9 2472 49 2512 u„
61 2455 228 2541 ἐπιμόνως
260 2452 315 2519 καὶ
347 2453 577 2540 άμεταβλητως
609 2477 649 2539 τη
683 2454 917 2541 άνθρωπότητι
949 2459 1078 2541 ἔμμενε,

8 2576 45 2619 ιί
61 2560 144 2627 ἀλλὰ
168 2562 308 2646 μίμησιν
334 2566 420 2626 θεοῦ
442 2561 525 2624 κατὰ
551 2561 589 2625 τὸ
613 2562 759 2627 δυνατὸν
787 2573 852 2626 κτῶ
880 2569 1079 2647 φιλοσοφων

60 2665 114 2732 καὶ
137 2673 200 2732 τοῦ
224 2667 401 2751 ἰδιώματος
424 2666 545 2732 τούτου
568 2677 635 2732 τῶν
663 2666 854 2752 ἀνθρώπων
877 2667 1078 2752 ὑπεκχωρῶν

61 2774 253 2859 προκρίνων
274 2795 310 2837 τε
333 2773 369 2836 τὸ
393 2772 529 2855 λογικὸν
551 2780 612 2838 τοῦ
630 2776 827 2854 γελαστικοῠ
845 2771 892 2847 εἰς
911 2771 1078 2853 διάκρισιν

62 2878 115 2946 καὶ
139 2880 308 2965 διαφοράν
330 2880 413 2964 πρὸς
434 2880 475 2943 τά
498 2880 597 2944 λοιπά
622 2881 694 2964 ζῷα.
1093 2897 1118 2938 ιο

22 2987 51 3054 εἴ
155 2987 202 3051 To
229 2982 268 3051 δὲ
295 2985 397 3069 παρά
423 2986 546 3071 θυσία
574 2984 623 3069 μὴ
653 2983 837 3066 ὀνυχίζοο
865 2980 940 3067 περὶ
965 2986 1079 3065 φιλίας

63 3091 131 3158 ἐστὶ
153 3093 404 3177 προτρεπτικόν·
430 3100 497 3156 τῶν
520 3091 583 3176 γάρ
608 3091 740 3156 οἰκείων
763 3087 818 3154 καὶ
841 3090 1078 3175 προσηκόντων

151 3256 203 3303 4-
205 3244 386 3304 8Τόδὲ-
401 3243 490 3302 άποδε
494 3247 575 3318 ίξεις]
596 3247 660 3301 ‘Per
680 3246 802 3300 οοοίοιίε
825 3237 914 3301 nostri
914 3245 1077 3329 οεςΙὶςεω-

64 3319 130 3375 tiam
146 3320 253 3375 factum
266 3318 378 3376 videtur
392 3321 424 3373 ολ
438 3335 509 3387 quae
524 3335 607 3387 supra
621 3318 660 3388 [p.
672 3323 731 3385 110,
744 3317 842 3388 θεηη]
859 3317 998 3386 copiosius
1013 3322 1079 3373 sunt

66 3391 205 3460 explicata
222 3391 270 3445 hio
283 3389 456 3446 brevissimis
474 3389 650 3459 repetantur’
666 3388 784 3443 adnotat
772 3389 834 3441 λεΚ
855 3387 985 3456 equidem
1004 3389 1078 3444 dele-

66 3461 151 3516 verim
165 3463 205 3532 Η
226 3459 310 3532 ἔχων]
329 3455 430 3516 Νοτλ
394 3480 515 3548 ηγουν;
534 3459 570 3516 of
583 3477 611 3532 p.
628 3461 810 3529 111,1ο1118
827 3458 1079 3528 παοαηηέλλειδο-

63 3529 129 3585 levit
146 3531 272 3600 Scaliger
283 3534 297 3601 ll
310 3537 343 3586 19
362 3527 456 3588 αότὸν
477 3533 617 3591 emenda&
631 3531 671 3589 K
