2400 3930
144 114 207 179 124
549 112 743 168 IAMBLICHI

87 282 128 355 ιβ
237 278 282 340 Τὸ
312 273 349 342 δὲ
376 276 663 362 ἀποκαρμάτων
690 285 769 341 σῶν
799 274 863 341 καί
892 276 1137 363 ἀπονυχισμά-
1194 269 1196 276 ⁴

142 406 218 446 των
241 384 435 450 κατάπτυε
458 382 547 468 λέγει
569 391 682 447 τοῦτο·
711 381 988 467 εὐκαταφρόνητα
1016 386 1056 449 τά
1077 385 1140 467 σύμ

142 512 232 572 φυτα
255 488 316 574 μέν
335 506 400 573 σοι,
424 489 612 574 ἀψυχότερα
632 486 671 553 δέ
686 509 767 571 πως,
791 489 902 574 ὥσπερ
925 489 1100 575 τιμιώτερα
1114 489 1143 553 τά

87 596 90 600 ’
143 597 366 681 ψυχικάτερα·
387 596 493 672 οὕτως
507 596 549 678 δὴ
563 593 617 660 καὶ
635 594 770 661 ἐπειδάν
789 599 994 680 φιλοσοφεῖν
1012 596 1145 681 ἐπιβάλη,

117 705 286 787 ῦπροτίμα
309 699 370 787 μὲν
394 703 434 766 τά
457 702 513 766 διά
535 710 644 786 ψυχῆς
665 699 721 766 καί
738 709 802 766 νοῦ
825 703 908 767 άνευ
931 703 1147 789 αἰσθητηρίων

143 807 408 892 ἀποδεικνύμενα
432 809 489 872 διά
511 814 763 892 θεωρηματικης
782 807 974 892 ἐπιστήμης,
998 810 1149 894 καταφρό-

143 938 194 979 νει
219 911 256 978 δέ
278 912 335 980 καί
353 913 515 979 κατάπτυε
534 923 602 979 τῶν
620 915 701 979 ἀνευ
720 921 878 996 νοητικοῦ
897 914 1012 996 φωτὸς
1031 913 1151 993 δοξαζ-

143 1020 255 1105 μένων
278 1022 335 1086 διά
357 1032 425 1086 τῶν
448 1022 633 1106 συμφύτων
655 1024 760 1098 ψιλῶς
783 1020 1033 1105 αἰσθητηρίων,
1062 1019 1084 1085 ἀ
1105 1044 1152 1105 μη-

143 1126 212 1192 κίτι
235 1127 367 1191 εύτονεῖ
386 1133 426 1210 τῇ
449 1135 510 1190 τοῦ
533 1134 596 1191 νοῦ
619 1124 782 1209 ἀιδιότητι
805 1137 1044 1209 παρομαρτεῖν.
1073 1164 1076 1169 -

90 1236 144 1306 λγ’“
237 1233 281 1295 Ίδ
311 1228 347 1295 δέ
375 1230 569 1314 ἐρυθῖνον
597 1232 645 1314 μὴ
674 1230 985 1316 προσλαμβάνον
1007 1235 1190 1316 φαίνεταινι

104 1356 129 1393 11
143 1337 227 1422 πρὸς
248 1338 310 1419 την
333 1345 393 1401 τοῦ
417 1334 581 1419 ὀνόματος
604 1335 825 1421 ἐτυμολογίαν
849 1337 953 1421 ψιλὴν
978 1342 1194 1423 σνμβεβλη-ια

145 1450 235 1509 σθαι.
282 1442 557 1527 ἀπηρυθριακότα
588 1443 653 1527 γάρ
684 1441 741 1508 καί
770 1444 994 1527 ἀναίσχυντον
1022 1446 1069 1529 μη
1098 1445 1158 1510 ε’πι-

145 1549 245 1635 δέχου
273 1551 472 1635 άνθρωπον,
505 1547 526 1633 ἢ
554 1549 591 1615 ἐκ
616 1557 678 1615 τοῦ
705 1550 861 1616 ἐναντίου
887 1555 1084 1635 καταπλῆγα
1110 1549 1159 1616 καί

145 1656 181 1723 ἐν
209 1655 309 1722 παντί
336 1655 414 1722 καθ’
445 1656 637 1741 ὑπερβολὴν
664 1655 874 1741 ἐρυθριῶντα
904 1654 966 1721 καὶ.
988 1658 1160 1723 ταπεινοῦ

105 1781 130 1821 1⁵
145 1788 247 1848 μενον
280 1764 345 1833 ὑπό
377 1786 412 1828 τε
443 1771 507 1828 νοῦ
539 1761 594 1828 καί
627 1762 794 1840 ἀσθενοῦς
826 1765 985 1840 διανοίας.
1039 1765 1097 1830 διά
1127 1761 1160 1828 δέ

145 1871 267 1935 τούτου
290 1881 417 1936 νοεῖται
440 1871 477 1934 τὸ
501 1871 545 1955 μὴ
570 1870 670 1948 αὐτὸς
692 1876 843 1946 τοιοῦτος
866 1874 947 1934 ίσθι.

91 1979 132 2036 λδ
239 1978 284 2041 Τὸ
319 1974 355 2042 δέ
386 1977 531 2062 χύτρας
564 1973 673 2061 ίχνος
705 1975 778 2041 ἀπὸ
810 1976 962 2040 σποδοῦ
999 1974 1161 2061 ἀφάνιζε

146 2086 299 2167 σημαίνει
318 2084 510 2168 συγχύσεως
527 2067 587 2163 καίΙ
604 2090 799 2168 παχντητος,
823 2082 903 2166 ὅπερ
927 2079 998 2147 ἐστί
1022 2099 1161 2168 σωματι-

145 2199 213 2254 κῶν
232 2186 287 2253 καί
307 2190 479 2272 αἰσθητῶν
499 2188 711 2272 ἀποδείξεων,
736 2187 1006 2253 ἐκλανθάνεσθαι
1026 2195 1161 2272 φιλοσο-

105 2311 130 2350 20
145 2304 223 2378 φείν
247 2293 520 2377 ἐπιβαλλόμενον,
544 2307 678 2386 νοηταῖς
702 2291 739 2360 δὲ
761 2301 908 2382 χρῆσθαι
931 2299 1062 2379 μάλλον
1085 2295 1161 2361 ἀπο-

145 2397 296 2476 δειξεσιν.
342 2399 363 2481 ἡ
393 2395 429 2462 δέ
459 2400 583 2476 σποδὸς
611 2399 685 2466 ἀντί
709 2409 766 2485 τῆς
788 2403 913 2476 κόνεως
934 2408 993 2483 τῆς
1017 2399 1073 2466 ἐπί
1095 2412 1161 2478 τοῖς

145 2503 241 2589 ἀβαξι
260 2507 472 2589 παρελήφθη,
492 2501 545 2589 ἐφ’
562 2501 601 2589 ἧς
616 2507 652 2570 αἰ
669 2507 852 2586 ἀποδείξεις
870 2509 1160 2592 σνμπεραίνονται.

91 2615 128 2673 λε’
235 2613 394 2700 Χρυσὸν
423 2610 460 2677 δέ
484 2611 627 2698 ἐχούση
656 2616 704 2697 μὴ
732 2616 921 2697 πλησίαζε
944 2610 1006 2678 ἐπί
1029 2637 1162 2680 τεκνο-

144 2722 270 2807 ποιίρι,
294 2719 335 2785 οὐ
357 2716 491 2803 γυναικί
514 2717 618 2802 λέγει,
642 2715 713 2784 ἀλλ’
741 2718 865 2806 αίρέσει
887 2716 942 2783 καί
966 2725 1161 2808 φιλοσοφίᾳ,

105 2843 130 2883 25
144 2817 227 2911 ᾗπέρ
252 2825 320 2890 ἐστι
338 2828 425 2891 πολὺ
443 2827 481 2890 τὸ
501 2826 689 2912 σωματικὸν
708 2823 763 2891 καί
779 2826 974 2912 κατάφορον
995 2828 1043 2904 εἰς
1061 2828 1194 2915 βαρύ-θλ

143 2956 232 3015 τητα.
273 2933 408 2997 πάντων
432 2934 495 3016 γάρ
519 2943 586 2996 τῶν
610 2929 662 2997 ἐπί
681 2940 742 3016 γης
760 2931 946 3018 βαρύτατον
965 2934 1091 3017 χρυσὸς
1108 2930 1161 3000 καί

143 3048 201 3123 τῆς
222 3037 274 3104 ἐπί
292 3040 330 3104 τὸ
350 3038 452 3123 μέσον
471 3045 578 3124 φοράς
597 3039 784 3121 διοκτικόν,
809 3037 889 3124 ὅπερ
907 3037 1034 3124 βάρους
1053 3056 1161 3125 σωμα-

143 3154 237 3210 τικοῦ
253 3147 349 3211 ίδιον.
387 3147 425 3210 τὸ
440 3142 478 3210 δέ
495 3145 728 3228 πλησιάζειν
747 3144 788 3210 οὐ
806 3147 913 3229 μόνον
927 3147 1161 3229 συγγίνεσθαι,
1175 3161 1197 3201 15

145 3249 227 3314 ἀλλά
255 3250 309 3316 καί
338 3253 544 3337 συνεγγίζειν
574 3249 643 3317 ἐστί
673 3249 728 3316 καί
754 3253 897 3334 πλησίον
925 3253 1162 3318 καθίστασθαι.

146 3370 358 3378 m·—

137 3468 149 3492 f
230 3412 267 3462 10
284 3402 444 3479 ἐρυθρῖνον
463 3407 573 3480 (littera
591 3430 606 3482 ρ
627 3427 662 3465 ex
680 3412 772 3480 οοττη.
790 3408 827 3464 οἳ.
838 3409 878 3463 οδ
888 3427 918 3477 η.
932 3412 1023 3476 108,8
1038 3410 1048 3477 ΙΙ
1062 3415 1096 3465 22
1112 3404 1161 3479 ἐφ’

122 3496 161 3544 ῦι*
178 3480 258 3553 κτλ]
275 3480 312 3537 cf
333 3481 390 3539 vit.
406 3481 492 3556 Pyth.
508 3503 537 3556 p.
556 3488 599 3554 18,
615 3488 703 3552 λῦτο.
714 3480 777 3535 m.-
