2400 3930
352 133 627 192 Ρωουιιενυιοοε
647 139 681 206 (0.
695 134 779 205 xm).
1030 137 1073 201 65

90 295 196 378 φύσεως
215 299 298 364 άλλά
320 297 561 383 καθαρεύωμεν
584 293 639 362 ἀπ’
667 297 782 380 αὐτοῦ,
805 296 867 374 ἕως
889 297 931 362 άν
951 297 968 363 ὁ
992 299 1073 375 θεὸς

34 442 38 477 :
90 399 168 479 αὐτὸς
183 404 330 490 ἀπολύσῃ
349 404 442 488 ημᾶς.
483 400 538 469 καὶ
558 404 644 468 ούτω
664 400 725 487 μὲν
743 402 889 489 καθαροὶ
911 403 1073 471 ἀπαλλατ-

34 548 36 573 ;
90 508 195 591 τόμενοι
211 519 270 595 τῆς
287 519 348 575 τοῦ
367 511 517 594 σώματος
535 509 741 595 ἀφροσύνης,
760 510 805 587 ὡς
822 511 859 576 τὸ
877 511 974 593 είκός,
993 513 1073 595 μετὰ

34 612 79 681 bl<
89 616 222 682 τοιούτων
254 617 399 701 ἐσόμεθα
430 613 485 681 καὶ
517 618 719 700 γνωσόμεθα
752 613 798 681 δι’
834 616 928 701 ημῶν
961 617 1072 683 αὐτῶν

88 727 139 785 πᾶν
163 725 197 789 τὸ
227 721 414 809 είλικρινές·
446 731 545 789 τοῦτο
579 719 611 787 θ’
642 720 733 788 ἐστίν
763 729 842 800 ἴσως
873 708 925 788 τό
939 722 1099 807 ἀληθέςε

89 825 122 908 μη
139 837 266 918 καθαρῷ
284 831 348 915 γάρ
367 835 521 914 καθαροῦ
535 828 742 912 ἐφάπτεσθαι
760 830 804 913 μη
824 829 865 894 οὐ
883 832 1023 914 θεμιτὸν
1041 822 1072 916 ᾖ.

88 932 225 1021 κάθαρσις
248 932 286 1001 δὲ
307 944 406 1000 τοῦτο
426 933 609 1020 ξυμβαίνει,
634 935 714 1020 ὅπερ
738 936 838 1000 πάλαι
861 935 899 1000 έν
917 944 963 1023 τῷ
983 939 1071 1024 λόγῳ

34 1048 36 1055 “
89 1035 205 1126 λέγεται,
231 1044 269 1108 τὸ
297 1045 446 1127 χωρίζειν
470 1041 488 1106 ό
515 1064 547 1106 τι
574 1042 714 1126 μάλιστα
742 1040 806 1106 άπὸ
833 1048 894 1105 τοῦ
922 1043 1072 1125 σώματος

34 1140 135 1245 ,Μτὴν
152 1150 257 1234 ψυχὴν
279 1146 335 1215 καὶ
362 1148 475 1214 ἐθίσαι
502 1148 606 1232 αὐτην
628 1142 707 1212 καθ’
733 1147 838 1231 αὑτην
861 1150 1071 1232 πανταχόθεν

89 1246 179 1320 ὀιτοῦ
195 1255 347 1339 σώματος
364 1256 628 1340 συναγείρεσθαί
642 1276 678 1318 τε
695 1252 752 1319 καὶ
769 1253 998 1339 ἀθροίζεσθαι,
1016 1252 1072 1319 καὶ
1087 1277 1113 1316 ω

34 1344 36 1395 ἱ
88 1357 168 1426 οίκείν
192 1362 275 1426 κατά
303 1361 340 1425 τὸ
369 1356 593 1425 δυνατόνκαὶ
624 1358 661 1424 έν
687 1366 732 1445 τῷ
761 1367 827 1424 νύν
849 1363 991 1446 παρόντι
1017 1359 1072 1426 καὶ

34 1466 37 1507 :
88 1459 114 1525 έν
133 1475 171 1554 τῷ
198 1470 308 1533 ἔπειτα
336 1469 444 1551 μόνην
470 1463 548 1530 καθ’
576 1464 695 1549 αὑτήν,
728 1464 932 1550 έκλυομένην
961 1468 1072 1549 ὥσπερ

34 1576 39 1633 ἐ
87 1565 113 1632 ἐκ
134 1573 256 1658 δεσμῶν
279 1572 315 1638 ἐκ
341 1573 584 1657 τοῦσώματος.
629 1580 728 1637 τοῦτο
757 1569 794 1637 δέ
822 1573 969 1650 θάνατος
997 1573 1072 1638 ὀνο-

34 1672 37 1753 j
85 1675 207 1764 μάζεται,
244 1679 339 1756 λύσις
374 1677 430 1744 καὶ
466 1680 632 1764 χωρισμὸς
667 1686 774 1763 ψυχῆς
811 1677 874 1743 ἀπὸ
912 1679 1071 1764 σώματος.

34 1828 36 1833 .
85 1780 155 1848 λύειν
176 1785 215 1852 όέ
235 1809 274 1869 γε
297 1785 417 1869 αὐτην,
441 1785 485 1861 ὥς
507 1808 632 1869 φαμεν,
659 1790 916 1870 προθυμοῦνται
939 1784 990 1851 άεὶ
1012 1787 1071 1871 μά-
1086 1807 1112 1848 15

84 1887 156 1956 λιστα
172 1890 227 1957 καὶ
245 1895 343 1977 μόνοι
362 1891 398 1956 οί
417 1896 680 1976 φιλοσοφοῦντες
704 1889 827 1975 ὀρθῶς,
850 1888 905 1955 καὶ
922 1891 960 1955 τὸ
979 1890 1072 1975 μελέ-

84 2011 148 2075 τημα
169 1999 249 2064 αύτό
267 2000 365 2063 τοῦτό
384 1997 454 2063 ἐστι
475 2007 543 2062 τῶν
561 1999 768 2083 φιλοσόφων,
788 1997 883 2072 λύσις
900 1993 955 2062 καὶ
973 2022 1071 2083 χωρι-

86 2099 146 2178 σμὸς
174 2112 281 2190 ψυχῆς
316 2103 380 2170 άπὸ
414 2105 573 2188 σώματος.
619 2104 702 2168 ὥστε
734 2104 771 2167 τὸ
803 2100 959 2187 μέγιστον
991 2102 1070 2187 ημῖν

85 2198 191 2282 όγαθὸν
213 2210 234 2294 η
258 2212 441 2295 φιλοσοφία
467 2207 672 2295 παρέχουσα,
700 2209 761 2291 τὴν
789 2207 981 2292 άπαλλαγην
1004 2219 1071 2274 τῶν

85 2302 111 2369 ἕν
127 2323 161 2399 τῇ
186 2325 275 2401 ψυχῇ
302 2314 359 2380 καλ
385 2313 513 2399 γενέσει
541 2316 687 2399 δεσμῶν,
717 2315 1002 2400 περισπούδαστος
1029 2314 1070 2380 άν
1085 2335 1111 2377 ιο

85 2415 121 2496 εἴη
141 2421 369 2508 διαφερόντως.

34 2523 78 2568 ”K
151 2523 245 2595 Ἀλλά
269 2528 337 2612 μην
359 2526 415 2593 καί
437 2528 458 2612 η
482 2526 707 2613 ὀνομαζομένη
732 2527 869 2613 άυόρεία
892 2539 960 2606 τοϊς
984 2529 1071 2595 οὕτω

86 2620 282 2718 διακειμένοις
303 2635 444 2719 μάλιστα
466 2638 641 2720 προσήκει,
664 2632 720 2699 καί
742 2634 763 2718 η
787 2635 1006 2718 σωφροσύνη,
1029 2634 1071 2716 ἣν

84 2728 125 2794 aaz
148 2742 178 2804 οί
200 2739 319 2808 πολλοὶ
347 2741 547 2826 ὀνομάζουσι
575 2739 816 2826 σωφροσύνην,
846 2740 883 2804 τὸ
911 2737 987 2824 περὶ
1013 2740 1071 2816 τάς

85 2829 237 2930 ελῐνθυμίας
273 2848 317 2932 μη
355 2846 537 2931 ἐπτοῆσθαι
575 2843 645 2912 ἀλλ’
687 2845 855 2930 ὀλιγώρως
891 2845 979 2928 ἔχειν
1016 2836 1111 2909 καὶίε

154 3061 176 3111 λ.
191 3063 222 3112 18
237 3058 310 3112 Ρλελ.
324 3055 465 3112 Phaedon.
479 3074 506 3125 p.
522 3055 645 3112 670-Ι)
664 3057 674 3124 ΙΙ
692 3060 737 3110 22.
751 3073 776 3125 p.
794 3060 881 3122 67,16
897 3055 967 3109 Ρλελ.
982 3054 1070 3109 Phae·

84 3110 133 3174 t¹⁰11·
149 3143 172 3194 p.
186 3127 360 3185 esc-691).

83 3236 272 3266 &—

88 3401 94 3420 2
154 3333 262 3397 θούτόί
276 3344 365 3411 sssssq.
380 3333 542 3422 θεμιτόνῇ.
570 3339 712 3410 κάθαρσις
726 3344 769 3408 (ex
779 3338 812 3407 P)
827 3337 926 3392 Cobet
919 3336 1070 3407 ·θεμιτόν

83 3419 168 3492 W&
181 3429 218 3498 117
238 3423 321 3487 τούάό
340 3431 369 3483 ελ
388 3435 404 3485 8
422 3410 454 3484 τό
468 3430 508 3498 ΗΒ
527 3426 645 3516 μάλιστα
664 3431 709 3499 (ex
723 3427 756 3497 P)
775 3426 911 3496 Scaliger·
931 3423 1038 3482 καθά
1020 3425 1071 3482 αό-

84 3475 123 3548 τὴν
132 3493 183 3559 λ16
196 3501 281 3570 μόνοι
298 3498 375 3555 PK:
378 3496 483 3572 μάνηνι
502 3517 541 3559 an
559 3495 665 3575 μόνονλ

112 3582 182 3633 Ilm
166 3599 313 3640 ιιοειΡεοω
921 3592 942 3639 b
