2400 3930
123 169 168 234 44
453 210 457 215 .
536 167 726 223 ιειιειιοιιι

124 341 237 397 τοῦτο·
267 322 340 396 οἷον
363 332 395 396 εί
415 331 571 415 τυγχάνει
593 352 643 406 τις
666 329 867 416 αἱρούμενος
888 332 926 396 τὸ
950 346 1121 418 περιπατεῖ

125 437 175 502 ὅτι
203 438 368 520 ὑγιεινόν,
402 444 451 521 είη
481 435 517 502 δὲ
550 441 677 522 μᾶλλον
705 435 794 524 αὐτῷ
821 435 975 520 ὑγιεινὸν
1001 439 1041 503 τὸ
1067 462 1121 522 τρι

124 544 234 630 χάζειν
261 543 317 611 καὶ
345 545 493 610 δυνατὸν
519 541 784 629 παραγενέσθαι,
814 547 944 628 μᾶλλον
972 544 1121 630 αίρήσετι

125 661 223 717 τοῦτο
260 651 323 717 κάν
360 650 468 717 ἕλοιτο
499 654 604 735 γνοὺς
639 657 774 716 θᾶττον.
830 652 861 715 εί
895 654 1015 717 τοίνυν
1052 650 1121 718 ἐστὶ

98 758 255 840 ὁάληθὴς
279 756 359 835 δόξα
383 759 547 887 φρονήσει
570 758 700 843 ὅμοιον,
724 761 816 839 εῖιιερ
835 757 970 840 αίρετδν
988 757 1027 821 τὸ
1048 756 1121 835 δοξι

127 867 194 942 ζειν
208 863 343 947 άληθῶς
360 861 485 947 ταύτην
500 862 554 929 καλ
569 865 652 930 κατά
670 872 834 930 τοσοῦτον
851 864 1044 929 καδόσον”
1026 887 1121 948 ομοιο

125 979 165 1056 τῇ
189 973 354 1056 φρονήσει
378 971 434 1035 διά
456 971 518 1053 τήν
541 969 785 1055 άλήθειαν,εί
753 972 939 1052 εμᾶλλον
967 977 1067 1035 τοῦτο
1094 993 1121 1034 τ

127 1087 268 1163 φρονεῖν
296 1077 452 1162 ὑπάρχει,
485 1081 613 1162 μᾶλλον
645 1076 778 1161 αίρετδν
808 1076 847 1140 τὸ
880 1087 1023 1162 φρονεῖν
1053 1079 1121 1142 ἔστι

127 1193 188 1248 τοῦ
212 1183 361 1261 δοξάζειν
383 1183 526 1266 ἀληθῶς.
568 1182 651 1247 ἀλλά
669 1182 736 1266 μήν
754 1184 793 1247 τό
815 1205 853 1265 γε
877 1184 935 1266 ζῆν
953 1190 999 1270 τῷ
1023 1184 1121 1248 αίσθά

89 1305 114 1344 10
127 1295 249 1353 νεσθαι
274 1289 476 1370 διακρίνεται
501 1296 561 1354 τοῦ
584 1288 628 1372 μή
654 1291 726 1370 ζῆν,
754 1285 811 1354 καὶ
833 1289 954 1372 ταύτης
976 1286 1121 1375 τιαρουσί

127 1390 182 1458 καὶ
211 1394 352 1478 δυνάμει
383 1394 420 1458 τὸ
454 1397 511 1478 ζήν
540 1394 728 1477 διώρισται,
759 1392 815 1460 καὶ
845 1394 968 1478 ταύτης
994 1394 1121 1481 ἐξαιρου

127 1499 229 1585 μένης
252 1499 315 1565 οὐκ
342 1502 433 1564 ἔστιν
460 1499 554 1579 ἀξιον
583 1502 641 1582 ζῆν
665 1500 775 1587 ὥσπερ
806 1499 1055 1586 ἀναιρουμένου
1080 1521 1121 1566 το

130 1612 187 1692 ζήν
210 1607 314 1674 αὐτοῦ
337 1608 393 1672 διά
415 1608 477 1690 τήν
497 1613 666 1691 αίσθησιν.
707 1615 765 1690 τῆς
784 1603 822 1672 δὲ
840 1609 1030 1691 αίσδήσεως
1047 1608 1068 1692 ή
1084 1608 1121 1682 τῆ

129 1715 237 1792 ὅψεως
261 1712 415 1801 διαφέρει
438 1714 579 1799 δύναμις
601 1721 646 1801 τῷ
671 1714 859 1798 σαφεστάτη
883 1708 983 1799 εἶναι,
1008 1713 1064 1780 καὶ
1085 1713 1121 1778 δι

89 1837 114 1877 15
128 1829 226 1887 τοῦτο
263 1818 320 1886 καὶ
356 1822 496 1907 μάλιστα
533 1821 720 1907 αἱρούμεθα
757 1820 876 1904 αὐτήν·
912 1826 1071 1904 αίσδησις
1108 1810 1121 1876 ί

128 1938 217 1994 τιᾶσα
241 1929 383 2013 δύναμίς
406 1928 475 1994 ἐστι
498 1927 698 2012 γνωριστική
723 1928 779 1991 διά
802 1926 963 2010 σώματος,
988 1928 1098 2014 ὥσπερ

129 2035 211 2119 ἀκοή
239 2043 300 2100 τοῦ
327 2037 443 2121 ψόφου
466 2036 664 2100 αίσθάυεται
694 2035 750 2098 διά
776 2043 844 2098 τῶν
868 2034 973 2098 ὤτων.
1020 2031 1121 2099 οὐκοὶ

129 2145 161 2208 εί
186 2145 223 2209 τὸ
253 2147 310 2226 ζῆν
338 2140 400 2227 μέν
429 2141 519 2208 ἐστιν
548 2142 680 2226 αίρετὸν
709 2141 765 2205 διά
792 2141 853 2222 τήν
882 2141 1088 2224 αῖσθησινή
1119 2172 1121 2178 2

131 2253 288 2329 αἴσθησις
311 2250 434 2330 γνῶσίς
457 2270 522 2329 τις,
550 2245 605 2310 καὶ
635 2248 690 2310 διά
716 2247 753 2310 τὸ
780 2247 955 2330 γνωρίζειν
980 2246 1066 2332 αὐτή
1090 2247 1121 2311 δ’

89 2369 116 2408 2⁰
130 2359 256 2417 νασθαι
284 2352 345 2433 τήν
369 2351 481 2436 ψυχήν
504 2352 707 2435 αίρούμεδα,
735 2352 836 2417 πάλαι
860 2348 897 2416 δὲ
920 2357 1060 2437 εἴπομεν
1083 2355 1121 2420 ὅτ

129 2478 191 2541 περ
229 2457 327 2520 δυοῖν
364 2454 415 2520 ἀεὶ
451 2461 578 2540 μᾶλλον
614 2457 748 2543 αίρετὸν
785 2449 812 2545 ᾦ
847 2462 975 2543 μᾶλλον
1007 2459 1121 2547 ὑπάρχ

128 2562 263 2647 ταύτόν,
287 2572 355 2627 τῶν
377 2557 439 2647 μὲν
463 2563 655 2646 αἰσθήσεων
673 2564 734 2647 τήν
757 2566 837 2642 ’όψιν
856 2563 982 2648 ἀνάγκη
1007 2567 1121 2650 μάλιστ

130 2672 266 2756 αίρετήν
290 2664 377 2736 εἶναι
404 2667 459 2735 καλ
487 2671 614 2754 τιμίαν,
643 2672 765 2754 ταύτης
793 2668 830 2735 δὲ
857 2669 912 2736 καὶ
939 2681 1008 2736 τῶν
1036 2673 1121 2739 ἄλλα

131 2778 268 2843 ἀπασῶν
292 2775 490 2864 αίρετωτέρα
513 2774 569 2842 καλ
591 2786 651 2842 τοῦ
676 2781 733 2860 ζῆν
757 2776 847 2842 ἐστιν
865 2776 886 2860 ή
905 2778 1075 2860 φρόνησις
1093 2804 1121 2845 κι

90 2897 116 2938 25
131 2880 272 2969 ριωτίρα
310 2891 367 2965 τῆς
404 2881 582 2977 ἀληθείαςῇ
620 2882 704 2946 ὥστε
740 2882 860 2959 πάντες
896 2883 1076 2967 ἀνθρωττοι
1112 2911 1121 2950 ι

132 2997 273 3075 φρονεῖν
297 2988 437 3072 μάλιστα
461 2988 629 3054 διώκουσι.
670 2989 707 3053 τὸ
731 2989 794 3074 γὰρ
819 2992 877 3072 ζῆν
895 2989 1091 3073 ἀγαπῶντες
1112 3017 1121 3056 ι

132 3107 274 3183 φρονεῖν
305 3092 361 3160 καλ
392 3095 430 3159 τὸ
462 3097 636 3180 γνωρίζειν
667 3094 832 3179 ἀγαπῶσι·
866 3093 911 3160 δι’
947 3094 1051 3162 οὐδὲν
1085 3101 1121 3183 γά

132 3202 247 3289 ἕτερον
271 3203 352 3268 αύτὸ
375 3211 515 3285 τιμῶσιν
538 3199 559 3285 ή
583 3202 640 3266 διά
662 3202 724 3284 τήν
743 3207 904 3286 αἴσθησιν
926 3202 981 3269 καὶ
1006 3205 1121 3288 μάλιστ

222 3395 265 3448 6*
270 3394 354 3449 immo
373 3392 461 3466 ταύτη
464 3393 611 3465 'Vitellia
626 3399 659 3449 10
677 3392 824 3466 ταύτης]“
826 3395 906 3462 quasi
923 3412 975 3466 pro
991 3416 1030 3484 τφ
1018 3395 1121 3452 αίσδ

132 3467 235 3519 νεοδαι
259 3466 393 3553 scriptum
409 3465 549 3521 fueritv
489 3466 565 3554 tm(
577 3397 663 3548 θίτῇ
676 3464 821 3535 αἰσθήσεά
841 3467 867 3521 Κ
887 3469 897 3537 η
920 3473 954 3521 20
977 3451 1067 3522 πάλαι
1089 3485 1121 3524 sc.

131 3555 159 3607 p.
176 3542 220 3605 4³,
234 3540 268 3590 29
282 3538 292 3605 n
306 3554 403 3604 οτιτιερ
422 3551 524 3606 marg..
544 3531 635 3605 ὥσπερ
654 3536 684 3592 in
701 3539 789 3592 textu.
