2400 3930
134 151 179 215 46
546 149 737 205 IAMBLICHI

134 314 247 379 εύδειν
273 314 412 397 ἥδιστον
439 310 500 398 μὲν
529 313 589 397 οὐχ
613 313 745 397 αἱρετὸν
771 310 823 395 δέ,
851 311 914 377 κδιν
943 311 1107 396 ύποθώμε

133 421 240 497 πάσας
262 422 307 509 τῷ
330 421 533 486 καθεύδοντι
556 420 727 506 παρούσας
756 420 813 496 τὰς
835 418 975 502 ἡδονάς,
1005 419 1095 484 διότι

133 523 195 611 μὲν
213 523 293 591 καθ’
314 526 423 592 ύπνον
442 526 660 610 φαντάσματα
677 525 797 608 ψευδῆ,
816 525 856 588 τδι
876 517 908 587 δ’
930 522 1107 609 έγρηγορόι

133 632 252 718 ἀληθῆ.
290 631 443 718 διαφέρει
465 633 528 716 γὰρ
553 628 667 696 ούδενλ
690 641 757 695 τῶν
776 631 887 695 ἄλλων
909 631 946 695 τὸ
969 631 1107 695 καθεύδ.

106 737 188 804 ικαὶ
210 741 248 804 τὸ
272 736 489 825 ἐγρηγορέναι
512 738 599 821 πλὴν
619 745 665 824 τῷ
688 738 750 820 τὴν
769 737 881 820 ψυχὴν
899 739 973 801 τότε
993 732 1056 820 μὲν
1074 758 1107 803 π(

132 845 225 922 λύκις
248 845 444 928 ἀληθεύειν,
472 845 700 920 καθεύδοντος
727 838 765 908 δέ
792 840 843 908 ἀεὶ
867 844 1085 920 διεψεῦσθαι·

132 953 196 1038 γὰρ
218 963 287 1016 τῶν
310 950 479 1017 ἐνυπνίων
501 951 643 1016 είδωλόν
666 948 735 1016 ἐστι
758 947 813 1014 καὶ
835 950 960 1028 ψεῦδος
983 950 1083 1015 ἅπαν.

220 1057 288 1125 Καὶ
315 1059 353 1124 τὸ
386 1059 524 1143 φεύγειν
554 1054 591 1123 δὲ
623 1059 683 1122 τὸν
714 1056 865 1122 θάνατον
893 1058 972 1132 τοὺς
1004 1061 1107 1122 πολλο

132 1166 284 1231 δείκνυσι
310 1166 372 1249 τὴν
399 1164 625 1250 φιλομάθειαν
651 1172 710 1246 τῆς
736 1170 853 1247 ψυχῆς.
899 1164 1018 1246 φεύγει
1041 1164 1107 1248 γδιρ

92 1294 118 1333 10
131 1272 175 1353 μὴ
203 1270 395 1352 γιγνώσκει,
426 1270 463 1333 τὸ
492 1270 656 1345 σκοτῶδες
682 1267 738 1334 καὶ
764 1271 802 1333 τὸ
826 1269 870 1353 μὴ
899 1269 1020 1352 δῆλον,
1049 1272 1107 1352 φύι

132 1371 169 1440 δὲ
188 1376 301 1439 διώκει
317 1377 355 1441 τὸ
371 1377 520 1460 φανερὸν
534 1374 589 1440 καὶ
607 1377 645 1440 τὸ
656 1377 825 1459 γνωστόν.
863 1376 916 1441 διὸ
935 1372 991 1440 καὶ
1006 1376 1107 1460 μύλισ

130 1484 209 1559 τοὺς
236 1483 363 1559 αἰτίους
391 1482 471 1566 ἡμῖν
501 1491 561 1547 τοῦ
588 1483 648 1547 τὸν
674 1482 771 1565 ἥλιον
800 1484 886 1548 ίδεῖν
912 1479 967 1547 καὶ
997 1483 1036 1547 τὸ
1067 1494 1107 1566 φο·

131 1588 253 1666 αύτούς
276 1613 387 1674 φαμεν
407 1590 478 1654 δεῖν
496 1598 595 1674 τιμᾶν
612 1588 889 1673 ὑπερβαλλόντως
911 1587 967 1654 καὶ
986 1587 1107 1672 σέβεσθ

130 1693 255 1780 πατέρα
274 1694 329 1761 καὶ
348 1693 472 1782 μητέρα
491 1697 536 1772 ώς
553 1698 717 1780 μεγίστων
731 1694 871 1778 ἀγαθῶν
886 1697 1026 1772 αἰτίους·
1046 1703 1107 1762 αῖτι

91 1822 116 1862 15
131 1799 171 1866 δέ
192 1804 288 1885 είσιν,
312 1803 357 1880 ώς
376 1805 472 1884 ἔοικε,
496 1811 557 1867 τοῦ
580 1804 751 1889 φρονῆσαί
765 1823 798 1866 τι
815 1798 870 1867 καὶ
894 1803 989 1866 ίδεῖν.
1031 1804 1090 1868 διὰ

130 1908 212 1973 αὐτὸ
237 1904 273 1973 δὲ
296 1917 395 1975 τοῦτο
418 1908 474 1975 καὶ
496 1912 657 1995 χαίρομεν
679 1919 748 1984 τοῖς
772 1909 936 1991 συνήθεσι
963 1907 1020 1973 καὶ
1043 1922 1107 1997 προ

129 2032 209 2099 μασι
241 2013 297 2081 καὶ
326 2015 534 2103 ἀνθρώποις,
566 2013 622 2080 καὶ
655 2017 776 2098 φίλους
807 2015 947 2092 τούτους
978 2020 1107 2101 καλοῦμ

128 2124 207 2200 τούς
242 2127 441 2209 γνωρίμους.
494 2125 594 2207 δηλοῖ
628 2116 691 2186 οὖν
726 2129 830 2186 ταῦτα
867 2132 983 2205 σαφῶς
1020 2122 1075 2187 ὅτι

129 2231 281 2311 γνωστὸν
307 2227 363 2294 καὶ
390 2229 472 2312 <τὸ>
505 2229 654 2313 φανερὸν
686 2225 741 2292 καὶ
770 2229 807 2293 τὸ
841 2228 945 2311 δῆλον
974 2227 1107 2313 ύγαπητ

89 2356 115 2396 ιο
129 2333 233 2398 ἐστιν·
258 2336 289 2398 εί
311 2330 348 2398 δὲ
370 2336 409 2399 τὸ
432 2335 583 2417 γνωστὸν
605 2331 661 2398 καὶ
684 2336 721 2399 τὸ
745 2332 860 2419 σαφές,
886 2335 991 2418 δῆλον
1016 2336 1069 2400 ὅτι
1092 2361 1107 2401 κ

128 2440 166 2504 τὸ
189 2439 388 2521 γιγνώσκειν
411 2439 593 2523 ἀναγκαῖον
616 2438 732 2506 καὶτὸ
756 2449 897 2527 φρονεῖν
921 2441 1054 2525 δμοίως.

218 2546 312 2631 Πρὸς
339 2545 380 2628 δὴ
408 2545 553 2629 τούτοις,
582 2547 692 2629 ώσπερ
720 2544 774 2613 ἐπὶ
800 2557 859 2631 τῆς
886 2547 1004 2625 ούσίας
1032 2549 1095 2635 οὐχ

128 2652 211 2736 αὐτὴ
239 2660 352 2736 κτῆσις
379 2651 475 2718 ἕνεκα
503 2662 564 2717 τοῦ
595 2656 651 2737 ζῆν
678 2652 734 2719 καὶ
761 2662 822 2718 τοῦ
851 2657 908 2738 ζῆν
935 2654 1107 2740 εύδαιμόνι

127 2770 196 2836 τοῖς
229 2759 439 2845 ἀνθρώποις,
472 2759 577 2836 οὕτως
608 2757 663 2825 καλ
696 2758 748 2825 ἐπὶ
782 2763 978 2845 φρονήσεως
1010 2762 1053 2827 ού
1085 2787 1107 2828 τι

87 2885 113 2926 ετ
128 2866 229 2949 αὐτῆς
252 2861 344 2951 οἶμαι
368 2866 514 2950 δεύμεθα
536 2869 618 2953 πρός
645 2889 680 2932 τε
702 2868 740 2931 τὸ
770 2869 827 2950 ζῆν
850 2869 956 2950 μόνον
979 2866 1036 2933 καὶ
1059 2891 1105 2955 πρ

126 2973 164 3037 τὸ
189 2976 383 3056 ζῆνκαλῶς.
424 2983 493 3049 τοῖς
515 2969 577 3058 μὲν
596 2967 658 3038 οὖν
676 2978 812 3049 πολλοῖς
831 2974 936 3057 πολλὴ
960 2978 1107 3062 συγγνώμ

126 3088 225 3145 τούτο
248 3078 404 3166 πράττειν
433 3078 602 3163 (εύχονται
629 3076 690 3163 μὲν
712 3079 776 3164 γδιρ
804 3078 1034 3166 εύδαιμονεῖν,
1064 3084 1106 3168 ιἰγ

126 3197 213 3251 πῶσι
236 3183 273 3251 δὲ
296 3185 358 3252 κδν
382 3187 488 3271 μόνον
512 3186 680 3250 δύνωνται
699 3183 781 3273 ζῆν),
805 3187 895 3263 ὅστις
916 3183 953 3251 δὲ
972 3193 1107 3275 οῖεταις

215 3419 256 3467 19.
268 3420 302 3468 20
321 3415 369 3469 καλ
383 3411 509 3484 φανερὸν
524 3445 558 3455 -
574 3411 601 3467 εί
618 3411 649 3468 δὲ
669 3411 700 3468 τὸ
717 3408 843 3483 γνωστὸν
857 3431 911 3503 οφ.
926 3432 1015 3486 marg.
1031 3416 1107 3473 adse]

127 3526 159 3576 19
178 3519 255 3590 prius
273 3513 304 3574 τὸ
324 3520 388 3576 add.
407 3521 480 3574 Rose
494 3524 503 3592 Ι]
517 3525 552 3574 24
572 3515 618 3574 ἐπὶ
633 3518 744 3576 Vitelli:
763 3521 828 3590 περὶ
847 3503 915 3593 (δι)
