2400 3930
126 139 170 204 48
535 139 728 195 IAMBLICHI

127 304 238 388 ψυχὴν
265 304 427 389 τιμωρίαν
454 300 511 367 καὶ
544 306 601 386 ζῆν
628 302 714 386 ἡμᾶς
743 299 796 367 ἐπὶ
825 303 961 368 κολάσει

126 419 229 474 τινῶν
262 409 511 495 ἁμαρτημάτων.
557 410 646 474 πάνυ
677 410 741 495 γδιρ
771 408 791 492 ἡ
821 409 971 488 σύζευξις

127 512 195 579 τινλ
218 518 304 583 ἔοικε
327 517 410 603 πρὸς
432 517 469 581 τὸ
494 525 588 600 σῶμα
609 523 668 598 τῆς
689 523 805 601 ψυχῆς.
848 517 959 602 ὥσπερ
978 542 987 599 η

128 620 165 686 ἐν
188 631 228 707 τῇ
255 625 426 708 Τυρρηνίᾳ
454 621 537 706 φασὶ
565 625 755 706 βασανίζειν
777 622 938 699 πολλάκις
968 646 986 686 τ

101 727 314 813 τσκομένους
344 729 655 814 προσδεσμεύοντας
686 722 756 793 κατ’
790 728 929 813 άντικρὺ
964 753 987 793 τι

128 837 268 920 νεκροὺς
296 834 570 921 ἀντιπροσώπους
597 835 736 900 ἕκαστον
764 836 849 921 πρὸς
876 835 987 901 ἕκαστ(

128 943 454 1027 προσαρμόττοντας,
488 943 594 1019 οὕτως
621 945 729 1007 ἔοικεν
757 940 777 1024 ἡ
806 943 896 1027 ψυχὴ
930 944 987 1008 δια

128 1045 183 1113 καὶ
210 1053 520 1135 προσκεκολλῆσθαι
548 1058 627 1113 πᾶσι
656 1059 726 1125 τοῖς
754 1049 963 1137 αίσθητικοῖς

129 1176 231 1237 ματος
253 1153 396 1237 μέλεσιν.
441 1152 543 1220 οὐδὲν
567 1150 630 1220 οὖν
651 1160 750 1220 θεῖον
772 1153 793 1238 ἢ
816 1155 982 1242 μακάριον

89 1283 115 1322 10
128 1269 198 1335 τοῖς
216 1258 420 1344 ἀνθρώποις,
443 1261 530 1344 πλην
549 1259 657 1325 ἐκεῖνό
680 1285 717 1344 με
741 1265 847 1345 μόνον
866 1261 962 1340 άξιον
986 1304 987 1314 1

129 1364 212 1429 ὅσον
244 1361 335 1429 ἐστὶν
366 1364 403 1430 ἐν
431 1365 511 1449 ἡμῖν
538 1375 601 1432 νοῦ
628 1365 683 1431 καλ
712 1370 920 1453 φρονήσεως·
953 1393 987 1434 το

129 1472 236 1554 μόνον
258 1473 367 1536 ἔοικεν
390 1466 477 1537 είναι
499 1483 567 1537 τῶν
585 1471 755 1559 ἡμετέρων
775 1474 946 1541 ἀθάνατον
965 1501 985 1541 κ

128 1584 235 1642 θεῖον.
273 1574 328 1643 καὶ
350 1581 440 1664 παρὰ
461 1580 499 1644 τὸ
522 1588 580 1663 τῆς
601 1581 756 1665 τοιαύτης
780 1581 953 1666 δυνάμεως
977 1585 987 1647 ι’

127 1695 315 1768 κοινωνεῖν,
334 1678 451 1772 καίπερ
471 1685 551 1752 ὢνδ
570 1689 643 1770 βίος
661 1687 780 1763 άθλιος
799 1690 900 1772 φύσει
918 1686 975 1754 καὶ

89 1812 114 1852 15
129 1789 217 1874 ὅμως
240 1792 347 1869 οὕτως
369 1789 579 1880 ᾠκονόμηται
601 1791 792 1879 χαριέντως,
819 1796 902 1860 ὥστε
926 1797 987 1861 δοκ

128 1897 169 1961 τδι
187 1898 270 1963 άλλα
288 1900 373 1964 θεὸν
392 1894 478 1964 είναι
500 1903 560 1966 τὸν
581 1901 774 1985 άνθρωπον.
817 1900 846 1967 ‘6
866 1910 948 1979 νοῦς
966 1927 987 1985 γ

129 2004 146 2070 ὁ
170 2005 274 2089 θεός’,
297 2012 362 2072 είτε
386 2001 581 2093 Ἑρμότιμος
604 2013 668 2072 εῖτε
687 2001 909 2094 Ἀναξαγόρας
932 2004 987 2074 εἷπ

128 2110 183 2177 καλ
213 2113 264 2178 ὅτι
292 2113 322 2179 ‘6
352 2116 478 2199 θνητὸς
510 2115 593 2179 αίὼν
626 2112 726 2200 μέρος
756 2116 822 2198 ἔχει
851 2121 937 2180 θεοῦ
966 2140 985 2180 τ

129 2218 379 2303 φιλοσοφητέον
407 2216 470 2286 οὖν
497 2218 518 2303 ἢ
541 2223 669 2305 χαίρειν
698 2222 829 2285 είποῦσι
856 2229 902 2308 τῷ
928 2225 987 2305 ζῆν

89 2345 115 2384 ω
129 2322 303 2404 ἐντεῦθεν,
334 2326 379 2401 ὡς
406 2327 446 2390 τά
474 2326 556 2389 άλλα
584 2349 622 2407 γε
648 2327 756 2391 πάντα
784 2330 933 2413 φλυαρία
960 2353 987 2393 τι

129 2422 216 2493 εἶναι
239 2429 344 2512 πολλὴ
368 2425 423 2493 καὶ
446 2435 555 2515 λῆρος.
680 2408 683 2421 ’

128 2571 129 2574 ¹
220 2534 335 2612 Οὕτως
366 2536 409 2600 άν
441 2559 490 2612 τις
521 2537 579 2613 τὰς
611 2536 674 2602 άπὸ
707 2549 775 2603 τῶν
805 2539 974 2623 <κοινῶν>

130 2641 275 2725 ἐφόδους
294 2642 624 2727 συγκεφαλαιωσαιτο
645 2645 788 2722 δεόντως
807 2647 854 2722 είς
872 2667 987 2734 προτρι

130 2749 203 2814 δεῖν
225 2754 429 2835 φιλοσοφεῖν
451 2756 664 2836 θεωρητικαῖς
686 2748 741 2816 καὶ
766 2754 823 2834 ζῆν
846 2753 897 2817 ότι
921 2754 987 2839 μάλ

89 2874 115 2914 ει
129 2849 200 2919 κατ’
226 2854 408 2940 ἐπιστήμην
431 2852 486 2922 καὶ
509 2856 569 2921 τὸν
591 2866 651 2922 τοῦ
674 2865 738 2923 νοῦ
761 2861 846 2941 βίον.

219 3053 234 3102 7
254 3045 348 3102 ἔοικεν
365 3043 383 3114 ἡ
403 3047 480 3118 ψυχὴ
500 3047 688 3104 διατετάσθαι
706 3051 776 3120 κτλ]
796 3049 830 3107 cf.
850 3049 986 3108 Themist.

128 3121 201 3176 Flor.
222 3117 296 3175 CXX
310 3125 343 3174 28
362 3117 413 3186 (IV
431 3137 459 3189 p.
475 3123 534 3188 108,
549 3124 584 3174 25
594 3137 654 3188 sqq.
668 3118 763 3189 Mein)
782 3123 791 3192 ΙΙ
811 3127 843 3176 16
854 3138 913 3190 sqq.
933 3122 968 3176 cf.

129 3191 224 3260 Eurip.
237 3192 272 3246 fr.
288 3195 369 3246 1007:
389 3185 404 3243 ὁ
424 3190 492 3252 νοῦς
505 3189 560 3259 γάρ
575 3187 654 3261 ἡμῶν
669 3187 744 3246 ἔστιν
760 3189 791 3247 ἐν
807 3189 916 3265 ἕκάστφ
930 3191 986 3249 θεό

130 3262 164 3317 cf.
182 3261 256 3317 infm
273 3280 301 3332 p.
318 3266 462 3330 60,‘1sqq.

218 3444 235 3492 4
255 3439 399 3509 Τυρρηνία
416 3437 455 3491 A:
478 3441 615 3510 τυραννία
637 3441 648 3510 ΙΙ
670 3445 687 3496 5
710 3437 780 3509 πρὸς
800 3436 919 3513 άντικρυ
938 3444 987 3498 Ro!

114 3508 220 3581 undolf
231 3515 249 3564 7
260 3492 459 3568 διαδεδίσθαι
478 3513 509 3568 et
524 3516 557 3568 16
572 3506 665 3583 ἄλογα
675 3511 850 3581 Ἶὶὶοθὶηυν
866 3515 967 3567 ποιοῖο
985 3536 987 3546 ⁴
