<?xml version="1.0" encoding="UTF-8"?>
<!DOCTYPE html PUBLIC "-//W3C//DTD XHTML 1.0 Transitional//EN"
    "http://www.w3.org/TR/xhtml1/DTD/xhtml1-transitional.dtd">
<html xmlns="http://www.w3.org/1999/xhtml" xml:lang="en" lang="en">
 <head>
  <title>
</title>
<meta http-equiv="Content-Type" content="text/html;charset=utf-8" />
  <meta name='ocr-system' content='tesseract 3.04.00' />
  <meta name='ocr-capabilities' content='ocr_page ocr_carea ocr_par ocr_line ocrx_word'/>
</head>
<body>
  <div class='ocr_page' id='page_1' title='image "./iamblichiprotre01jambgoog_0115.png"; bbox 0 0 2400 3930; ppageno 0'>
   <div class='ocr_carea' id='block_1_1' title="bbox 135 136 734 204">
    <p class='ocr_par' dir='ltr' id='par_1_1' title="bbox 135 136 734 204">
     <span class='ocr_line' id='line_1_1' title="bbox 135 136 734 204; baseline -0.003 -11"><span class='ocrx_word' id='word_1_1' title='bbox 135 139 179 204; x_wconf 88' lang='grc'><strong><em>94</em></strong></span> <span class='ocrx_word' id='word_1_2' title='bbox 542 136 734 191; x_wconf 72' lang='grc' dir='ltr'><strong>ΙΑΜΒΙιῙΟΗΙ</strong></span> 
     </span>
    </p>
   </div>
   <div class='ocr_carea' id='block_1_2' title="bbox 89 297 1167 3359">
    <p class='ocr_par' dir='ltr' id='par_1_2' title="bbox 89 297 1167 3359">
     <span class='ocr_line' id='line_1_2' title="bbox 134 297 1136 384; baseline 0.001 -20"><span class='ocrx_word' id='word_1_3' title='bbox 134 305 228 364; x_wconf 98' lang='grc' dir='ltr'><strong><em>λιστα</em></strong></span> <span class='ocrx_word' id='word_1_4' title='bbox 254 299 485 384; x_wconf 81' lang='grc' dir='ltr'><strong><em>ἐμφαίνουσαν</em></strong></span> <span class='ocrx_word' id='word_1_5' title='bbox 507 307 622 382; x_wconf 86' lang='grc' dir='ltr'><strong><em>τοῦτο,</em></strong></span> <span class='ocrx_word' id='word_1_6' title='bbox 649 299 694 376; x_wconf 82' lang='grc' dir='ltr'><strong><em>ὡς</em></strong></span> <span class='ocrx_word' id='word_1_7' title='bbox 717 298 778 365; x_wconf 77' lang='grc' dir='ltr'><strong><em>οὐκ</em></strong></span> <span class='ocrx_word' id='word_1_8' title='bbox 801 297 1009 365; x_wconf 78' lang='grc' dir='ltr'><strong><em>ἀπέσπασται</em></strong></span> <span class='ocrx_word' id='word_1_9' title='bbox 1030 301 1070 365; x_wconf 84' lang='grc' dir='ltr'><strong><em>τά</em></strong></span> <span class='ocrx_word' id='word_1_10' title='bbox 1089 309 1136 365; x_wconf 85' lang='grc' dir='ltr'><strong><em>τοῦ</em></strong></span> 
     </span>
     <span class='ocr_line' id='line_1_3' title="bbox 135 403 1134 491; baseline -0.001 -20"><span class='ocrx_word' id='word_1_11' title='bbox 135 408 236 488; x_wconf 86' lang='grc' dir='ltr'><strong><em>λόγου</em></strong></span> <span class='ocrx_word' id='word_1_12' title='bbox 268 415 329 472; x_wconf 90' lang='grc' dir='ltr'><strong><em>τοῦ</em></strong></span> <span class='ocrx_word' id='word_1_13' title='bbox 361 408 442 472; x_wconf 87' lang='grc' dir='ltr'><strong><em>κατά</em></strong></span> <span class='ocrx_word' id='word_1_14' title='bbox 479 408 686 491; x_wconf 77' lang='grc' dir='ltr'><strong><em>φιλοσοφίαν</em></strong></span> <span class='ocrx_word' id='word_1_15' title='bbox 723 403 822 490; x_wconf 77' lang='grc' dir='ltr'><strong><em>μέρη,</em></strong></span> <span class='ocrx_word' id='word_1_16' title='bbox 860 415 985 491; x_wconf 78' lang='grc' dir='ltr'><strong><em>συνεχῆ</em></strong></span> <span class='ocrx_word' id='word_1_17' title='bbox 1018 405 1048 470; x_wconf 87' lang='grc' dir='ltr'><strong><em>δ’</em></strong></span> <span class='ocrx_word' id='word_1_18' title='bbox 1082 405 1134 472; x_wconf 81' lang='grc' dir='ltr'><strong><em>ἐστί</em></strong></span> 
     </span>
     <span class='ocr_line' id='line_1_4' title="bbox 134 506 1133 596; baseline 0 -19"><span class='ocrx_word' id='word_1_19' title='bbox 134 513 241 578; x_wconf 91' lang='grc' dir='ltr'><strong><em>πάντα</em></strong></span> <span class='ocrx_word' id='word_1_20' title='bbox 269 514 352 594; x_wconf 87' lang='grc' dir='ltr'><strong><em>πρὸς</em></strong></span> <span class='ocrx_word' id='word_1_21' title='bbox 375 514 509 595; x_wconf 85' lang='grc' dir='ltr'><strong><em>άλληλα.</em></strong></span> <span class='ocrx_word' id='word_1_22' title='bbox 554 513 636 578; x_wconf 86' lang='grc' dir='ltr'><strong><em>κατά</em></strong></span> <span class='ocrx_word' id='word_1_23' title='bbox 665 512 707 596; x_wconf 81' lang='grc' dir='ltr'><strong><em>δὴ</em></strong></span> <span class='ocrx_word' id='word_1_24' title='bbox 730 510 855 594; x_wconf 88' lang='grc' dir='ltr'><strong><em>ταύτην</em></strong></span> <span class='ocrx_word' id='word_1_25' title='bbox 881 506 944 576; x_wconf 87' lang='grc' dir='ltr'><strong><em>οὖν</em></strong></span> <span class='ocrx_word' id='word_1_26' title='bbox 967 513 1029 595; x_wconf 83' lang='grc' dir='ltr'><strong><em>την</em></strong></span> <span class='ocrx_word' id='word_1_27' title='bbox 1050 511 1133 596; x_wconf 89' lang='grc' dir='ltr'><strong><em>με’θο-</em></strong></span> 
     </span>
     <span class='ocr_line' id='line_1_5' title="bbox 136 617 1133 704; baseline -0.001 -21"><span class='ocrx_word' id='word_1_28' title='bbox 136 620 197 684; x_wconf 92' lang='grc' dir='ltr'><strong><em>δον</em></strong></span> <span class='ocrx_word' id='word_1_29' title='bbox 225 619 288 684; x_wconf 89' lang='grc' dir='ltr'><strong><em>ἀπὸ</em></strong></span> <span class='ocrx_word' id='word_1_30' title='bbox 318 630 386 684; x_wconf 84' lang='grc' dir='ltr'><strong><em>τῶν</em></strong></span> <span class='ocrx_word' id='word_1_31' title='bbox 413 620 619 702; x_wconf 80' lang='grc' dir='ltr'><strong><em>τιμιωτάτων</em></strong></span> <span class='ocrx_word' id='word_1_32' title='bbox 646 617 816 704; x_wconf 78' lang='grc' dir='ltr'><strong><em>ἀρχόμεθα</em></strong></span> <span class='ocrx_word' id='word_1_33' title='bbox 844 629 994 703; x_wconf 79' lang='grc' dir='ltr'><strong><em>πρῶτον,</em></strong></span> <span class='ocrx_word' id='word_1_34' title='bbox 1026 619 1068 695; x_wconf 86' lang='grc' dir='ltr'><strong><em>ώς</em></strong></span> <span class='ocrx_word' id='word_1_35' title='bbox 1095 619 1133 682; x_wconf 76' lang='grc' dir='ltr'><strong><em>δεῖ</em></strong></span> 
     </span>
     <span class='ocr_line' id='line_1_6' title="bbox 108 720 1128 809; baseline 0.005 -26"><span class='ocrx_word' id='word_1_36' title='bbox 108 745 120 783; x_wconf 80' lang='grc' dir='ltr'><strong><em>ι</em></strong></span> <span class='ocrx_word' id='word_1_37' title='bbox 135 724 331 808; x_wconf 83' lang='grc' dir='ltr'><strong><em>θεοσέβειαν</em></strong></span> <span class='ocrx_word' id='word_1_38' title='bbox 350 725 472 790; x_wconf 79' lang='grc' dir='ltr'><strong><em>ἀσκεῖν.</em></strong></span> <span class='ocrx_word' id='word_1_39' title='bbox 509 727 592 808; x_wconf 77' lang='grc' dir='ltr'><strong><em>αὕτη</em></strong></span> <span class='ocrx_word' id='word_1_40' title='bbox 613 720 650 790; x_wconf 71' lang='grc' dir='ltr'><strong><em>δὲ</em></strong></span> <span class='ocrx_word' id='word_1_41' title='bbox 669 724 730 789; x_wconf 77' lang='grc' dir='ltr'><strong><em>οὐκ</em></strong></span> <span class='ocrx_word' id='word_1_42' title='bbox 748 723 790 788; x_wconf 83' lang='grc' dir='ltr'><strong><em>ἀν</em></strong></span> <span class='ocrx_word' id='word_1_43' title='bbox 808 724 1040 809; x_wconf 80' lang='grc' dir='ltr'><strong><em>παραγένοιτο,</em></strong></span> <span class='ocrx_word' id='word_1_44' title='bbox 1059 726 1086 789; x_wconf 93' lang='grc' dir='ltr'><strong><em>εί</em></strong></span> <span class='ocrx_word' id='word_1_45' title='bbox 1097 725 1128 807; x_wconf 75' lang='grc' dir='ltr'><strong><em>μί</em></strong></span> 
     </span>
     <span class='ocr_line' id='line_1_7' title="bbox 135 812 1167 941; baseline 0 -47"><span class='ocrx_word' id='word_1_46' title='bbox 135 854 184 906; x_wconf 89' lang='grc' dir='ltr'><strong><em>τις</em></strong></span> <span class='ocrx_word' id='word_1_47' title='bbox 206 830 430 914; x_wconf 86' lang='grc' dir='ltr'><strong><em>άφομοιώσειε</em></strong></span> <span class='ocrx_word' id='word_1_48' title='bbox 452 839 497 918; x_wconf 76' lang='grc' dir='ltr'><strong><em>τῷ</em></strong></span> <span class='ocrx_word' id='word_1_49' title='bbox 521 828 781 918; x_wconf 75' lang='grc' dir='ltr'><strong><em>θεραπευομένῳ</em></strong></span> <span class='ocrx_word' id='word_1_50' title='bbox 804 831 842 895; x_wconf 87' lang='grc' dir='ltr'><strong><em>τὸ</em></strong></span> <span class='ocrx_word' id='word_1_51' title='bbox 866 837 1065 916; x_wconf 81' lang='grc' dir='ltr'><strong><em>θεραπεῦον,</em></strong></span> <span class='ocrx_word' id='word_1_52' title='bbox 1084 829 1125 911; x_wconf 81' lang='grc' dir='ltr'><strong><em>την</em></strong></span> <span class='ocrx_word' id='word_1_53' title='bbox 1161 812 1167 941; x_wconf 60' lang='lat'><strong>⁴</strong></span> 
     </span>
     <span class='ocr_line' id='line_1_8' title="bbox 135 933 1159 1025; baseline -0.004 -24"><span class='ocrx_word' id='word_1_54' title='bbox 135 933 172 1000; x_wconf 71' lang='grc' dir='ltr'><strong><em>δὲ</em></strong></span> <span class='ocrx_word' id='word_1_55' title='bbox 186 935 364 1021; x_wconf 86' lang='grc' dir='ltr'><strong><em>ὁμοιότητα</em></strong></span> <span class='ocrx_word' id='word_1_56' title='bbox 382 939 509 1025; x_wconf 89' lang='grc' dir='ltr'><strong><em>ταύτην</em></strong></span> <span class='ocrx_word' id='word_1_57' title='bbox 528 938 589 1003; x_wconf 87' lang='grc' dir='ltr'><strong><em>οὐκ</em></strong></span> <span class='ocrx_word' id='word_1_58' title='bbox 606 940 688 1020; x_wconf 87' lang='grc' dir='ltr'><strong><em>άλλη</em></strong></span> <span class='ocrx_word' id='word_1_59' title='bbox 707 936 790 1020; x_wconf 83' lang='grc' dir='ltr'><strong><em>τιςῆ</em></strong></span> <span class='ocrx_word' id='word_1_60' title='bbox 805 940 993 1021; x_wconf 79' lang='grc' dir='ltr'><strong><em>φιλοσοφία</em></strong></span> <span class='ocrx_word' id='word_1_61' title='bbox 1009 934 1123 1022; x_wconf 77' lang='grc' dir='ltr'><strong><em>παρέχει,</em></strong></span> <span class='ocrx_word' id='word_1_62' title='bbox 1156 980 1159 985; x_wconf 84' lang='lat'>-</span> 
     </span>
     <span class='ocr_line' id='line_1_9' title="bbox 135 1040 1121 1129; baseline -0.004 -22"><span class='ocrx_word' id='word_1_63' title='bbox 135 1043 217 1108; x_wconf 87' lang='grc' dir='ltr'><strong><em>ἀλλά</em></strong></span> <span class='ocrx_word' id='word_1_64' title='bbox 245 1046 312 1129; x_wconf 84' lang='grc' dir='ltr'><strong><em>μην</em></strong></span> <span class='ocrx_word' id='word_1_65' title='bbox 338 1042 394 1109; x_wconf 83' lang='grc' dir='ltr'><strong><em>καὶ</em></strong></span> <span class='ocrx_word' id='word_1_66' title='bbox 422 1044 604 1123; x_wconf 74' lang='grc' dir='ltr'><strong><em>ἀψεύδειαν</em></strong></span> <span class='ocrx_word' id='word_1_67' title='bbox 632 1045 686 1109; x_wconf 83' lang='grc' dir='ltr'><strong><em>δεῖ</em></strong></span> <span class='ocrx_word' id='word_1_68' title='bbox 709 1040 784 1129; x_wconf 84' lang='grc' dir='ltr'><strong><em>περὶ</em></strong></span> <span class='ocrx_word' id='word_1_69' title='bbox 811 1047 941 1108; x_wconf 86' lang='grc' dir='ltr'><strong><em>πολλοῦ</em></strong></span> <span class='ocrx_word' id='word_1_70' title='bbox 968 1048 1121 1108; x_wconf 79' lang='grc' dir='ltr'><strong><em>ποιεῖσθαι·</em></strong></span> 
     </span>
     <span class='ocr_line' id='line_1_10' title="bbox 133 1147 1152 1234; baseline 0.002 -23"><span class='ocrx_word' id='word_1_71' title='bbox 133 1151 169 1212; x_wconf 90' lang='grc' dir='ltr'><strong><em>τὸ</em></strong></span> <span class='ocrx_word' id='word_1_72' title='bbox 193 1151 257 1232; x_wconf 86' lang='grc' dir='ltr'><strong><em>γὰρ</em></strong></span> <span class='ocrx_word' id='word_1_73' title='bbox 281 1150 462 1233; x_wconf 82' lang='grc' dir='ltr'><strong><em>ἀληθεύειν</em></strong></span> <span class='ocrx_word' id='word_1_74' title='bbox 480 1149 636 1234; x_wconf 79' lang='grc' dir='ltr'><strong><em>καὶπρὸς</em></strong></span> <span class='ocrx_word' id='word_1_75' title='bbox 655 1152 758 1226; x_wconf 87' lang='grc' dir='ltr'><strong><em>θεοὺς</em></strong></span> <span class='ocrx_word' id='word_1_76' title='bbox 776 1150 858 1214; x_wconf 85' lang='grc' dir='ltr'><strong><em>κατά</em></strong></span> <span class='ocrx_word' id='word_1_77' title='bbox 877 1149 940 1232; x_wconf 83' lang='grc' dir='ltr'><strong><em>την</em></strong></span> <span class='ocrx_word' id='word_1_78' title='bbox 958 1153 1054 1214; x_wconf 91' lang='grc' dir='ltr'><strong><em>θείαν</em></strong></span> <span class='ocrx_word' id='word_1_79' title='bbox 1069 1147 1120 1227; x_wconf 77' lang='grc' dir='ltr'><strong><em>ἀλί-</em></strong></span> <span class='ocrx_word' id='word_1_80' title='bbox 1149 1186 1152 1191; x_wconf 88' lang='grc'><strong><em>·</em></strong></span> 
     </span>
     <span class='ocr_line' id='line_1_11' title="bbox 94 1252 1119 1340; baseline 0 -24"><span class='ocrx_word' id='word_1_81' title='bbox 94 1272 119 1310; x_wconf 88' lang='lat'><strong><em>10</em></strong></span> <span class='ocrx_word' id='word_1_82' title='bbox 134 1259 232 1317; x_wconf 89' lang='grc' dir='ltr'><strong><em>θειαν</em></strong></span> <span class='ocrx_word' id='word_1_83' title='bbox 246 1252 302 1317; x_wconf 83' lang='grc' dir='ltr'><strong><em>καὶ</em></strong></span> <span class='ocrx_word' id='word_1_84' title='bbox 320 1257 404 1337; x_wconf 86' lang='grc' dir='ltr'><strong><em>πρὸς</em></strong></span> <span class='ocrx_word' id='word_1_85' title='bbox 422 1255 625 1340; x_wconf 80' lang='grc' dir='ltr'><strong><em>ἀνθρώπους</em></strong></span> <span class='ocrx_word' id='word_1_86' title='bbox 643 1258 726 1321; x_wconf 85' lang='grc' dir='ltr'><strong><em>κατά</em></strong></span> <span class='ocrx_word' id='word_1_87' title='bbox 743 1257 804 1338; x_wconf 81' lang='grc' dir='ltr'><strong><em>την</em></strong></span> <span class='ocrx_word' id='word_1_88' title='bbox 823 1255 1043 1339; x_wconf 81' lang='grc' dir='ltr'><strong><em>ἀνθρωπίνην</em></strong></span> <span class='ocrx_word' id='word_1_89' title='bbox 1058 1253 1119 1337; x_wconf 77' lang='grc' dir='ltr'><strong><em>ηγά</em></strong></span> 
     </span>
     <span class='ocr_line' id='line_1_12' title="bbox 134 1357 1117 1447; baseline 0.002 -27"><span class='ocrx_word' id='word_1_90' title='bbox 134 1380 187 1420; x_wconf 88' lang='grc' dir='ltr'><strong><em>ται</em></strong></span> <span class='ocrx_word' id='word_1_91' title='bbox 210 1357 290 1441; x_wconf 78' lang='grc' dir='ltr'><strong><em>ἡμῖν</em></strong></span> <span class='ocrx_word' id='word_1_92' title='bbox 312 1360 446 1425; x_wconf 91' lang='grc' dir='ltr'><strong><em>πάντων</em></strong></span> <span class='ocrx_word' id='word_1_93' title='bbox 469 1372 537 1425; x_wconf 81' lang='grc' dir='ltr'><strong><em>τῶν</em></strong></span> <span class='ocrx_word' id='word_1_94' title='bbox 555 1363 661 1426; x_wconf 89' lang='grc' dir='ltr'><strong><em>θείων</em></strong></span> <span class='ocrx_word' id='word_1_95' title='bbox 680 1361 736 1426; x_wconf 79' lang='grc' dir='ltr'><strong><em>καὶ</em></strong></span> <span class='ocrx_word' id='word_1_96' title='bbox 755 1362 984 1447; x_wconf 89' lang='grc' dir='ltr'><strong><em>ἀνθρωπίνων</em></strong></span> <span class='ocrx_word' id='word_1_97' title='bbox 1002 1361 1117 1444; x_wconf 78' lang='grc' dir='ltr'><strong><em>ἀγαθόν.</em></strong></span> 
     </span>
     <span class='ocr_line' id='line_1_13' title="bbox 132 1463 1164 1571; baseline 0 -42"><span class='ocrx_word' id='word_1_98' title='bbox 132 1465 286 1548; x_wconf 80' lang='grc' dir='ltr'><strong><em>τοιαύτης</em></strong></span> <span class='ocrx_word' id='word_1_99' title='bbox 305 1463 460 1550; x_wconf 70' lang='grc' dir='ltr'><strong><em>δεούσης</em></strong></span> <span class='ocrx_word' id='word_1_100' title='bbox 477 1476 535 1550; x_wconf 80' lang='grc' dir='ltr'><strong><em>της</em></strong></span> <span class='ocrx_word' id='word_1_101' title='bbox 551 1466 721 1549; x_wconf 83' lang='grc' dir='ltr'><strong><em>ἀληθείας,</em></strong></span> <span class='ocrx_word' id='word_1_102' title='bbox 745 1469 855 1552; x_wconf 89' lang='grc' dir='ltr'><strong><em>μόνως</em></strong></span> <span class='ocrx_word' id='word_1_103' title='bbox 875 1469 931 1532; x_wconf 87' lang='grc' dir='ltr'><strong><em>διά</em></strong></span> <span class='ocrx_word' id='word_1_104' title='bbox 950 1465 1118 1552; x_wconf 75' lang='grc' dir='ltr'><strong><em>φιλοσοφίας</em></strong></span> <span class='ocrx_word' id='word_1_105' title='bbox 1152 1522 1164 1571; x_wconf 67' lang='lat' dir='ltr'><strong><em>i·</em></strong></span> 
     </span>
     <span class='ocr_line' id='line_1_14' title="bbox 132 1571 1160 1658; baseline 0.006 -22"><span class='ocrx_word' id='word_1_106' title='bbox 132 1572 214 1656; x_wconf 79' lang='grc' dir='ltr'><strong><em>αὕτη</em></strong></span> <span class='ocrx_word' id='word_1_107' title='bbox 238 1575 488 1658; x_wconf 77' lang='grc' dir='ltr'><strong><em>παραγίγνεται·</em></strong></span> <span class='ocrx_word' id='word_1_108' title='bbox 520 1574 618 1656; x_wconf 88' lang='grc' dir='ltr'><strong><em>μόνοι</em></strong></span> <span class='ocrx_word' id='word_1_109' title='bbox 645 1574 709 1658; x_wconf 84' lang='grc' dir='ltr'><strong><em>γάρ</em></strong></span> <span class='ocrx_word' id='word_1_110' title='bbox 736 1571 986 1657; x_wconf 72' lang='grc' dir='ltr'><strong><em>φιλοθεάμονάς</em></strong></span> <span class='ocrx_word' id='word_1_111' title='bbox 1008 1575 1066 1639; x_wconf 88' lang='grc' dir='ltr'><strong><em>είσι</em></strong></span> <span class='ocrx_word' id='word_1_112' title='bbox 1081 1575 1118 1650; x_wconf 69' lang='grc' dir='ltr'><strong><em>τίς</em></strong></span> <span class='ocrx_word' id='word_1_113' title='bbox 1152 1578 1160 1619; x_wconf 69' lang='grc' dir='ltr'>ῖ</span> 
     </span>
     <span class='ocr_line' id='line_1_15' title="bbox 133 1675 1117 1764; baseline 0.001 -21"><span class='ocrx_word' id='word_1_114' title='bbox 133 1679 292 1762; x_wconf 81' lang='grc' dir='ltr'><strong><em>ἀληθείας</em></strong></span> <span class='ocrx_word' id='word_1_115' title='bbox 320 1681 355 1744; x_wconf 91' lang='grc' dir='ltr'><strong><em>οί</em></strong></span> <span class='ocrx_word' id='word_1_116' title='bbox 379 1682 570 1764; x_wconf 89' lang='grc' dir='ltr'><strong><em>φιλόσοφοι.</em></strong></span> <span class='ocrx_word' id='word_1_117' title='bbox 622 1681 669 1744; x_wconf 78' lang='grc' dir='ltr'><strong><em>ἔτι</em></strong></span> <span class='ocrx_word' id='word_1_118' title='bbox 696 1683 816 1745; x_wconf 84' lang='grc' dir='ltr'><strong><em>τοίνυν</em></strong></span> <span class='ocrx_word' id='word_1_119' title='bbox 847 1690 916 1744; x_wconf 82' lang='grc' dir='ltr'><strong><em>τῶν</em></strong></span> <span class='ocrx_word' id='word_1_120' title='bbox 943 1675 1117 1764; x_wconf 73' lang='grc' dir='ltr'><strong><em>νόμωντδν</em></strong></span> 
     </span>
     <span class='ocr_line' id='line_1_16' title="bbox 93 1784 1166 1871; baseline 0.004 -25"><span class='ocrx_word' id='word_1_121' title='bbox 93 1807 117 1846; x_wconf 83' lang='lat'><strong><em>15</em></strong></span> <span class='ocrx_word' id='word_1_122' title='bbox 133 1786 277 1870; x_wconf 90' lang='grc' dir='ltr'><strong><em>δύναμιν</em></strong></span> <span class='ocrx_word' id='word_1_123' title='bbox 306 1785 445 1852; x_wconf 81' lang='grc' dir='ltr'><strong><em>ἑκάστου</em></strong></span> <span class='ocrx_word' id='word_1_124' title='bbox 474 1787 672 1852; x_wconf 83' lang='grc' dir='ltr'><strong><em>ἐπίστασθαι</em></strong></span> <span class='ocrx_word' id='word_1_125' title='bbox 700 1787 874 1871; x_wconf 80' lang='grc' dir='ltr'><strong><em>προσήκει,</em></strong></span> <span class='ocrx_word' id='word_1_126' title='bbox 908 1784 966 1850; x_wconf 81' lang='grc' dir='ltr'><strong><em>καὶ</em></strong></span> <span class='ocrx_word' id='word_1_127' title='bbox 995 1787 1039 1862; x_wconf 84' lang='grc' dir='ltr'><strong><em>ώς</em></strong></span> <span class='ocrx_word' id='word_1_128' title='bbox 1066 1802 1117 1868; x_wconf 74' lang='grc' dir='ltr'><strong><em>χρη</em></strong></span> <span class='ocrx_word' id='word_1_129' title='bbox 1151 1786 1166 1839; x_wconf 69' lang='lat'><strong><em>&#39;³</em></strong></span> 
     </span>
     <span class='ocr_line' id='line_1_17' title="bbox 132 1882 1167 1977; baseline 0.001 -22"><span class='ocrx_word' id='word_1_130' title='bbox 132 1891 229 1956; x_wconf 86' lang='grc' dir='ltr'><strong><em>στέον</em></strong></span> <span class='ocrx_word' id='word_1_131' title='bbox 262 1893 376 1970; x_wconf 85' lang='grc' dir='ltr'><strong><em>αὐτοῖς</em></strong></span> <span class='ocrx_word' id='word_1_132' title='bbox 408 1894 490 1960; x_wconf 82' lang='grc' dir='ltr'><strong><em>ἐστι·</em></strong></span> <span class='ocrx_word' id='word_1_133' title='bbox 521 1903 624 1958; x_wconf 86' lang='grc' dir='ltr'><strong><em>ταῦτα</em></strong></span> <span class='ocrx_word' id='word_1_134' title='bbox 657 1890 695 1957; x_wconf 80' lang='grc' dir='ltr'><strong><em>δδ</em></strong></span> <span class='ocrx_word' id='word_1_135' title='bbox 727 1893 788 1957; x_wconf 89' lang='grc' dir='ltr'><strong><em>ούκ</em></strong></span> <span class='ocrx_word' id='word_1_136' title='bbox 816 1895 924 1957; x_wconf 84' lang='grc' dir='ltr'><strong><em>ἔνεστι</em></strong></span> <span class='ocrx_word' id='word_1_137' title='bbox 954 1899 1071 1977; x_wconf 75' lang='grc' dir='ltr'><strong><em>μαθεῖν</em></strong></span> <span class='ocrx_word' id='word_1_138' title='bbox 1089 1884 1116 1971; x_wconf 73' lang='grc' dir='ltr'><strong><em>μὴ</em></strong></span> <span class='ocrx_word' id='word_1_139' title='bbox 1151 1882 1167 1925; x_wconf 72' lang='lat'><strong><em>⁵²</em></strong></span> 
     </span>
     <span class='ocr_line' id='line_1_18' title="bbox 131 1985 1118 2084; baseline 0 -22"><span class='ocrx_word' id='word_1_140' title='bbox 131 1999 192 2080; x_wconf 84' lang='grc' dir='ltr'><strong><em>την</em></strong></span> <span class='ocrx_word' id='word_1_141' title='bbox 216 1998 340 2084; x_wconf 78' lang='grc' dir='ltr'><strong><em>ἀρετὴν</em></strong></span> <span class='ocrx_word' id='word_1_142' title='bbox 371 2001 515 2084; x_wconf 77' lang='grc' dir='ltr'><strong><em>εἰδότας,</em></strong></span> <span class='ocrx_word' id='word_1_143' title='bbox 547 2000 629 2084; x_wconf 88' lang='grc' dir='ltr'><strong><em>πρὸς</em></strong></span> <span class='ocrx_word' id='word_1_144' title='bbox 660 1999 703 2082; x_wconf 78' lang='grc' dir='ltr'><strong><em>ἣν</em></strong></span> <span class='ocrx_word' id='word_1_145' title='bbox 734 1996 789 2063; x_wconf 80' lang='grc' dir='ltr'><strong><em>καὶ</em></strong></span> <span class='ocrx_word' id='word_1_146' title='bbox 820 2000 883 2082; x_wconf 84' lang='grc' dir='ltr'><strong><em>την</em></strong></span> <span class='ocrx_word' id='word_1_147' title='bbox 917 1999 1059 2082; x_wconf 89' lang='grc' dir='ltr'><strong><em>δύναμιν</em></strong></span> <span class='ocrx_word' id='word_1_148' title='bbox 1083 1985 1118 2056; x_wconf 73' lang='grc' dir='ltr'><strong><em>τά</em></strong></span> 
     </span>
     <span class='ocr_line' id='line_1_19' title="bbox 130 2101 1118 2190; baseline 0 -22"><span class='ocrx_word' id='word_1_149' title='bbox 130 2105 191 2187; x_wconf 81' lang='grc' dir='ltr'><strong><em>τὴν</em></strong></span> <span class='ocrx_word' id='word_1_150' title='bbox 214 2115 333 2190; x_wconf 78' lang='grc' dir='ltr'><strong><em>χρῆσιν</em></strong></span> <span class='ocrx_word' id='word_1_151' title='bbox 355 2117 423 2170; x_wconf 84' lang='grc' dir='ltr'><strong><em>τῶν</em></strong></span> <span class='ocrx_word' id='word_1_152' title='bbox 445 2108 560 2190; x_wconf 90' lang='grc' dir='ltr'><strong><em>νόμων</em></strong></span> <span class='ocrx_word' id='word_1_153' title='bbox 589 2101 814 2188; x_wconf 79' lang='grc' dir='ltr'><strong><em>ἀναφέρομεν·</em></strong></span> <span class='ocrx_word' id='word_1_154' title='bbox 844 2103 864 2186; x_wconf 79' lang='grc' dir='ltr'><strong><em>η</em></strong></span> <span class='ocrx_word' id='word_1_155' title='bbox 889 2101 927 2168; x_wconf 72' lang='grc' dir='ltr'><strong><em>δὲ</em></strong></span> <span class='ocrx_word' id='word_1_156' title='bbox 950 2113 1009 2188; x_wconf 82' lang='grc' dir='ltr'><strong><em>της</em></strong></span> <span class='ocrx_word' id='word_1_157' title='bbox 1030 2103 1118 2188; x_wconf 70' lang='grc' dir='ltr'><strong><em>ἀρετῆς</em></strong></span> 
     </span>
     <span class='ocr_line' id='line_1_20' title="bbox 131 2197 1118 2295; baseline -0.003 -22"><span class='ocrx_word' id='word_1_158' title='bbox 131 2208 338 2291; x_wconf 78' lang='grc' dir='ltr'><strong><em>ἐπιτήδευσις</em></strong></span> <span class='ocrx_word' id='word_1_159' title='bbox 371 2211 427 2274; x_wconf 88' lang='grc' dir='ltr'><strong><em>διά</em></strong></span> <span class='ocrx_word' id='word_1_160' title='bbox 459 2213 661 2294; x_wconf 90' lang='grc' dir='ltr'><strong><em>φιλοσοφίας</em></strong></span> <span class='ocrx_word' id='word_1_161' title='bbox 693 2211 946 2295; x_wconf 84' lang='grc' dir='ltr'><strong><em>παραγίγνεται·</em></strong></span> <span class='ocrx_word' id='word_1_162' title='bbox 979 2211 1059 2275; x_wconf 82' lang='grc' dir='ltr'><strong><em>ὥστε</em></strong></span> <span class='ocrx_word' id='word_1_163' title='bbox 1081 2197 1118 2270; x_wconf 78' lang='grc' dir='ltr'><strong><em>κύ</em></strong></span> 
     </span>
     <span class='ocr_line' id='line_1_21' title="bbox 90 2303 1119 2400; baseline 0.001 -25"><span class='ocrx_word' id='word_1_164' title='bbox 90 2336 116 2375; x_wconf 79' lang='grc' dir='ltr'><strong><em>εο</em></strong></span> <span class='ocrx_word' id='word_1_165' title='bbox 130 2317 213 2396; x_wconf 89' lang='grc' dir='ltr'><strong><em>πρὸς</em></strong></span> <span class='ocrx_word' id='word_1_166' title='bbox 235 2317 359 2395; x_wconf 89' lang='grc' dir='ltr'><strong><em>ταύτην</em></strong></span> <span class='ocrx_word' id='word_1_167' title='bbox 378 2315 510 2399; x_wconf 81' lang='grc' dir='ltr'><strong><em>ἡγεμών</em></strong></span> <span class='ocrx_word' id='word_1_168' title='bbox 530 2315 599 2380; x_wconf 77' lang='grc' dir='ltr'><strong><em>ἐστι</em></strong></span> <span class='ocrx_word' id='word_1_169' title='bbox 618 2319 810 2400; x_wconf 89' lang='grc' dir='ltr'><strong><em>φιλοσοφία.</em></strong></span> <span class='ocrx_word' id='word_1_170' title='bbox 858 2317 907 2380; x_wconf 80' lang='grc' dir='ltr'><strong><em>ἔτι</em></strong></span> <span class='ocrx_word' id='word_1_171' title='bbox 925 2320 1041 2382; x_wconf 91' lang='grc' dir='ltr'><strong><em>τοίνυν</em></strong></span> <span class='ocrx_word' id='word_1_172' title='bbox 1062 2303 1119 2379; x_wconf 81' lang='grc' dir='ltr'><strong><em>είδί·</em></strong></span> 
     </span>
     <span class='ocr_line' id='line_1_22' title="bbox 129 2407 1119 2506; baseline 0.003 -24"><span class='ocrx_word' id='word_1_173' title='bbox 129 2442 185 2482; x_wconf 92' lang='grc' dir='ltr'><strong><em>ναι</em></strong></span> <span class='ocrx_word' id='word_1_174' title='bbox 219 2421 269 2484; x_wconf 87' lang='grc' dir='ltr'><strong><em>δεῑ</em></strong></span> <span class='ocrx_word' id='word_1_175' title='bbox 300 2429 369 2495; x_wconf 85' lang='grc' dir='ltr'><strong><em>πώς</em></strong></span> <span class='ocrx_word' id='word_1_176' title='bbox 401 2421 484 2504; x_wconf 85' lang='grc' dir='ltr'><strong><em>πρὸς</em></strong></span> <span class='ocrx_word' id='word_1_177' title='bbox 516 2420 718 2506; x_wconf 83' lang='grc' dir='ltr'><strong><em>ἀνθρώπους</em></strong></span> <span class='ocrx_word' id='word_1_178' title='bbox 749 2421 942 2506; x_wconf 82' lang='grc' dir='ltr'><strong><em>ὁμιλητέου,</em></strong></span> <span class='ocrx_word' id='word_1_179' title='bbox 980 2430 1071 2489; x_wconf 82' lang='grc' dir='ltr'><strong><em>τοῦτο</em></strong></span> <span class='ocrx_word' id='word_1_180' title='bbox 1095 2407 1119 2476; x_wconf 59' lang='grc' dir='ltr'><strong><em>δὲ</em></strong></span> 
     </span>
     <span class='ocr_line' id='line_1_23' title="bbox 124 2524 1119 2613; baseline -0.003 -23"><span class='ocrx_word' id='word_1_181' title='bbox 124 2524 190 2590; x_wconf 74' lang='grc' dir='ltr'><strong><em>ὀὐκ</em></strong></span> <span class='ocrx_word' id='word_1_182' title='bbox 214 2527 255 2591; x_wconf 84' lang='grc' dir='ltr'><strong><em>ἀν</em></strong></span> <span class='ocrx_word' id='word_1_183' title='bbox 277 2548 328 2602; x_wconf 91' lang='grc' dir='ltr'><strong><em>τις</em></strong></span> <span class='ocrx_word' id='word_1_184' title='bbox 351 2527 504 2610; x_wconf 89' lang='grc' dir='ltr'><strong><em>διαγνοίη</em></strong></span> <span class='ocrx_word' id='word_1_185' title='bbox 533 2529 577 2612; x_wconf 81' lang='grc' dir='ltr'><strong><em>μὴ</em></strong></span> <span class='ocrx_word' id='word_1_186' title='bbox 606 2530 666 2593; x_wconf 90' lang='grc' dir='ltr'><strong><em>τὸν</em></strong></span> <span class='ocrx_word' id='word_1_187' title='bbox 693 2537 754 2594; x_wconf 88' lang='grc' dir='ltr'><strong><em>τοῦ</em></strong></span> <span class='ocrx_word' id='word_1_188' title='bbox 776 2528 1006 2613; x_wconf 82' lang='grc' dir='ltr'><strong><em>προσήκοντος</em></strong></span> <span class='ocrx_word' id='word_1_189' title='bbox 1026 2525 1119 2592; x_wconf 74' lang='grc' dir='ltr'><strong><em>ἀποίν</em></strong></span> 
     </span>
     <span class='ocr_line' id='line_1_24' title="bbox 128 2625 1119 2719; baseline 0.002 -20"><span class='ocrx_word' id='word_1_190' title='bbox 128 2635 249 2718; x_wconf 88' lang='grc' dir='ltr'><strong><em>γισμὸυ</em></strong></span> <span class='ocrx_word' id='word_1_191' title='bbox 281 2631 334 2698; x_wconf 78' lang='grc' dir='ltr'><strong><em>ἐπὶ</em></strong></span> <span class='ocrx_word' id='word_1_192' title='bbox 366 2643 481 2698; x_wconf 87' lang='grc' dir='ltr'><strong><em>πασῶν</em></strong></span> <span class='ocrx_word' id='word_1_193' title='bbox 512 2645 580 2699; x_wconf 86' lang='grc' dir='ltr'><strong><em>τών</em></strong></span> <span class='ocrx_word' id='word_1_194' title='bbox 611 2634 763 2719; x_wconf 85' lang='grc' dir='ltr'><strong><em>πράξεων</em></strong></span> <span class='ocrx_word' id='word_1_195' title='bbox 795 2633 1046 2718; x_wconf 80' lang='grc' dir='ltr'><strong><em>ἐπεσκεμμένος,</em></strong></span> <span class='ocrx_word' id='word_1_196' title='bbox 1077 2625 1119 2706; x_wconf 64' lang='grc' dir='ltr'><strong><em>τὴν</em></strong></span> 
     </span>
     <span class='ocr_line' id='line_1_25' title="bbox 129 2739 1119 2827; baseline -0.001 -21"><span class='ocrx_word' id='word_1_197' title='bbox 129 2741 225 2819; x_wconf 81' lang='grc' dir='ltr'><strong><em>ἀξίαν</em></strong></span> <span class='ocrx_word' id='word_1_198' title='bbox 252 2766 287 2807; x_wconf 91' lang='grc' dir='ltr'><strong><em>τε</em></strong></span> <span class='ocrx_word' id='word_1_199' title='bbox 315 2739 371 2806; x_wconf 80' lang='grc' dir='ltr'><strong><em>καὶ</em></strong></span> <span class='ocrx_word' id='word_1_200' title='bbox 394 2739 534 2819; x_wconf 80' lang='grc' dir='ltr'><strong><em>ἀπαξίαν</em></strong></span> <span class='ocrx_word' id='word_1_201' title='bbox 563 2742 660 2817; x_wconf 80' lang='grc' dir='ltr'><strong><em>είδδις</em></strong></span> <span class='ocrx_word' id='word_1_202' title='bbox 683 2739 821 2806; x_wconf 81' lang='grc' dir='ltr'><strong><em>ἑκάστου</em></strong></span> <span class='ocrx_word' id='word_1_203' title='bbox 850 2751 918 2805; x_wconf 83' lang='grc' dir='ltr'><strong><em>τῶν</em></strong></span> <span class='ocrx_word' id='word_1_204' title='bbox 944 2740 1119 2827; x_wconf 60' lang='grc' dir='ltr'><strong><em>ἀνθρώπων</em></strong></span> 
     </span>
     <span class='ocr_line' id='line_1_26' title="bbox 89 2831 1120 2933; baseline -0.003 -22"><span class='ocrx_word' id='word_1_205' title='bbox 89 2866 114 2906; x_wconf 78' lang='lat'><strong><em>25</em></strong></span> <span class='ocrx_word' id='word_1_206' title='bbox 128 2846 183 2912; x_wconf 85' lang='grc' dir='ltr'><strong><em>καὶ</em></strong></span> <span class='ocrx_word' id='word_1_207' title='bbox 207 2850 394 2932; x_wconf 86' lang='grc' dir='ltr'><strong><em>δυνάμενος</em></strong></span> <span class='ocrx_word' id='word_1_208' title='bbox 418 2850 602 2933; x_wconf 84' lang='grc' dir='ltr'><strong><em>διακρίνειν</em></strong></span> <span class='ocrx_word' id='word_1_209' title='bbox 624 2849 665 2912; x_wconf 86' lang='grc' dir='ltr'><strong><em>τά</em></strong></span> <span class='ocrx_word' id='word_1_210' title='bbox 687 2850 755 2932; x_wconf 72' lang='grc' dir='ltr'><strong><em>ίηθη</em></strong></span> <span class='ocrx_word' id='word_1_211' title='bbox 775 2846 829 2913; x_wconf 85' lang='grc' dir='ltr'><strong><em>καὶ</em></strong></span> <span class='ocrx_word' id='word_1_212' title='bbox 852 2848 910 2923; x_wconf 87' lang='grc' dir='ltr'><strong><em>τάς</em></strong></span> <span class='ocrx_word' id='word_1_213' title='bbox 934 2849 1050 2932; x_wconf 88' lang='grc' dir='ltr'><strong><em>φύσεις</em></strong></span> <span class='ocrx_word' id='word_1_214' title='bbox 1069 2831 1120 2908; x_wconf 72' lang='grc' dir='ltr'><strong><em>ίκί·</em></strong></span> 
     </span>
     <span class='ocr_line' id='line_1_27' title="bbox 129 2949 1120 3039; baseline -0.005 -20"><span class='ocrx_word' id='word_1_215' title='bbox 129 2972 216 3019; x_wconf 90' lang='grc' dir='ltr'><strong><em>στων</em></strong></span> <span class='ocrx_word' id='word_1_216' title='bbox 235 2953 290 3020; x_wconf 84' lang='grc' dir='ltr'><strong><em>καὶ</em></strong></span> <span class='ocrx_word' id='word_1_217' title='bbox 308 2957 366 3031; x_wconf 88' lang='grc' dir='ltr'><strong><em>τάς</em></strong></span> <span class='ocrx_word' id='word_1_218' title='bbox 384 2963 441 3037; x_wconf 84' lang='grc' dir='ltr'><strong><em>της</em></strong></span> <span class='ocrx_word' id='word_1_219' title='bbox 459 2964 567 3038; x_wconf 76' lang='grc' dir='ltr'><strong><em>ψυχῆς</em></strong></span> <span class='ocrx_word' id='word_1_220' title='bbox 589 2955 746 3039; x_wconf 90' lang='grc' dir='ltr'><strong><em>δυνάμεις</em></strong></span> <span class='ocrx_word' id='word_1_221' title='bbox 764 2952 917 3030; x_wconf 83' lang='grc' dir='ltr'><strong><em>καὶτοὺς</em></strong></span> <span class='ocrx_word' id='word_1_222' title='bbox 939 2956 1022 3019; x_wconf 86' lang='grc' dir='ltr'><strong><em>κατά</em></strong></span> <span class='ocrx_word' id='word_1_223' title='bbox 1038 2949 1120 3018; x_wconf 63' lang='grc' dir='ltr'><strong><em>πάντα</em></strong></span> 
     </span>
     <span class='ocr_line' id='line_1_28' title="bbox 127 3039 1157 3146; baseline 0.005 -21"><span class='ocrx_word' id='word_1_224' title='bbox 127 3072 229 3127; x_wconf 84' lang='grc' dir='ltr'><strong><em>ταῦτα</em></strong></span> <span class='ocrx_word' id='word_1_225' title='bbox 257 3062 525 3146; x_wconf 79' lang='grc' dir='ltr'><strong><em>συναρμόζοντας</em></strong></span> <span class='ocrx_word' id='word_1_226' title='bbox 553 3063 682 3143; x_wconf 86' lang='grc' dir='ltr'><strong><em>λόγους.</em></strong></span> <span class='ocrx_word' id='word_1_227' title='bbox 733 3059 815 3126; x_wconf 87' lang='grc' dir='ltr'><strong><em>ἀλλά</em></strong></span> <span class='ocrx_word' id='word_1_228' title='bbox 847 3061 914 3144; x_wconf 84' lang='grc' dir='ltr'><strong><em>μὴν</em></strong></span> <span class='ocrx_word' id='word_1_229' title='bbox 945 3062 1069 3126; x_wconf 88' lang='grc' dir='ltr'><strong><em>τούτων</em></strong></span> <span class='ocrx_word' id='word_1_230' title='bbox 1092 3039 1157 3130; x_wconf 46' lang='grc' dir='ltr'><strong><em>ίεῗ18</em></strong></span> 
     </span>
     <span class='ocr_line' id='line_1_29' title="bbox 129 3145 1167 3252; baseline -0.001 -21"><span class='ocrx_word' id='word_1_231' title='bbox 129 3165 229 3233; x_wconf 73' lang='grc' dir='ltr'><strong><em>οὐδὲν</em></strong></span> <span class='ocrx_word' id='word_1_232' title='bbox 248 3166 348 3252; x_wconf 78' lang='grc' dir='ltr'><strong><em>χωρὶς</em></strong></span> <span class='ocrx_word' id='word_1_233' title='bbox 366 3169 569 3250; x_wconf 89' lang='grc' dir='ltr'><strong><em>φιλοσοφίας</em></strong></span> <span class='ocrx_word' id='word_1_234' title='bbox 586 3170 837 3251; x_wconf 86' lang='grc' dir='ltr'><strong><em>παραγίγνεται·</em></strong></span> <span class='ocrx_word' id='word_1_235' title='bbox 858 3164 914 3230; x_wconf 80' lang='grc' dir='ltr'><strong><em>καί</em></strong></span> <span class='ocrx_word' id='word_1_236' title='bbox 934 3168 1059 3232; x_wconf 87' lang='grc' dir='ltr'><strong><em>τούτων</em></strong></span> <span class='ocrx_word' id='word_1_237' title='bbox 1075 3145 1122 3222; x_wconf 61' lang='grc' dir='ltr'><strong><em>οὖν</em></strong></span> <span class='ocrx_word' id='word_1_238' title='bbox 1165 3198 1167 3213; x_wconf 81' lang='lat'><em>=</em></span> 
     </span>
     <span class='ocr_line' id='line_1_30' title="bbox 129 3259 1123 3359; baseline 0.005 -27"><span class='ocrx_word' id='word_1_239' title='bbox 129 3269 224 3337; x_wconf 79' lang='grc' dir='ltr'><strong><em>ἕνεκα</em></strong></span> <span class='ocrx_word' id='word_1_240' title='bbox 247 3277 406 3359; x_wconf 81' lang='grc' dir='ltr'><strong><em>χρήσιμος</em></strong></span> <span class='ocrx_word' id='word_1_241' title='bbox 429 3271 471 3338; x_wconf 85' lang='grc' dir='ltr'><strong><em>ἀν</em></strong></span> <span class='ocrx_word' id='word_1_242' title='bbox 494 3278 554 3354; x_wconf 87' lang='grc' dir='ltr'><strong><em>είη.</em></strong></span> <span class='ocrx_word' id='word_1_243' title='bbox 598 3275 630 3337; x_wconf 88' lang='grc' dir='ltr'><strong><em>εί</em></strong></span> <span class='ocrx_word' id='word_1_244' title='bbox 651 3268 688 3337; x_wconf 74' lang='grc' dir='ltr'><strong><em>δὲ</em></strong></span> <span class='ocrx_word' id='word_1_245' title='bbox 711 3270 765 3337; x_wconf 82' lang='grc' dir='ltr'><strong><em>καὶ</em></strong></span> <span class='ocrx_word' id='word_1_246' title='bbox 788 3275 867 3349; x_wconf 86' lang='grc' dir='ltr'><strong><em>τοὺς</em></strong></span> <span class='ocrx_word' id='word_1_247' title='bbox 884 3274 1061 3358; x_wconf 84' lang='grc' dir='ltr'><strong><em>θηριώδεις</em></strong></span> <span class='ocrx_word' id='word_1_248' title='bbox 1079 3259 1123 3326; x_wconf 63' lang='grc' dir='ltr'><strong><em>ἅλ’</em></strong></span> 
     </span>
    </p>
   </div>
   <div class='ocr_carea' id='block_1_3' title="bbox 208 3491 1054 3571">
    <p class='ocr_par' dir='ltr' id='par_1_3' title="bbox 208 3491 1054 3571">
     <span class='ocr_line' id='line_1_31' title="bbox 208 3491 1054 3571; baseline 0.001 -21"><span class='ocrx_word' id='word_1_249' title='bbox 208 3502 225 3550; x_wconf 84' lang='grc'><em>4</em></span> <span class='ocrx_word' id='word_1_250' title='bbox 243 3497 310 3554; x_wconf 75' lang='lat' dir='ltr'><strong>fort.</strong></span> <span class='ocrx_word' id='word_1_251' title='bbox 331 3491 495 3571; x_wconf 84' lang='grc' dir='ltr'><strong><em>ἀρχώμεθα</em></strong></span> <span class='ocrx_word' id='word_1_252' title='bbox 508 3503 521 3571; x_wconf 65' lang='grc' dir='ltr'><strong><em>λλ</em></strong></span> <span class='ocrx_word' id='word_1_253' title='bbox 534 3505 568 3554; x_wconf 72' lang='lat'><strong><em>22</em></strong></span> <span class='ocrx_word' id='word_1_254' title='bbox 588 3493 780 3567; x_wconf 64' lang='grc' dir='ltr'><strong><em>ἀπολογισμὸν</em></strong></span> <span class='ocrx_word' id='word_1_255' title='bbox 801 3501 837 3552; x_wconf 55' lang='grc' dir='ltr'><strong><em>δυ,</em></strong></span> <span class='ocrx_word' id='word_1_256' title='bbox 856 3495 1054 3568; x_wconf 75' lang='grc' dir='ltr'><strong><em>ἀπολοηηομὸν.</em></strong></span> 
     </span>
    </p>
   </div>
   <div class='ocr_carea' id='block_1_4' title="bbox 0 0 1204 3930">
    <p class='ocr_par' dir='ltr' id='par_1_4' title="bbox 0 0 1204 3930">
     <span class='ocr_line' id='line_1_32' title="bbox 0 0 1204 3930; baseline 0 1"><span class='ocrx_word' id='word_1_257' title='bbox 0 0 1204 3930; x_wconf 95' lang='lat' dir='ltr'><strong><em> </em></strong></span> 
     </span>
    </p>
   </div>
  </div>
 </body>
</html>
