2400 3930
122 126 164 190 92
531 123 719 179 ιΑιιοιιοΗι
819 92 831 107 ’

122 285 268 371 φέροντα
290 286 311 371 ἢ
335 286 434 370 ἐγγὺς
451 287 584 368 τούτου,
607 284 730 369 καὶμὴ
754 282 792 350 έν
812 286 926 362 ἀλλοις
949 285 1126 371 ἀνθρώπια

122 393 302 478 αἰωρεῖται,
321 391 354 470 ἐξ
378 387 427 458 ῶν
448 392 469 477 ἢ
494 388 532 458 εὖ
554 391 575 476 ἢ
598 401 706 467 κακῶς
727 389 926 477 πραξάντων
945 396 1122 457 πλανᾶσθαι

123 498 327 581 ἠνάγκασται
349 497 404 564 καὶ
426 500 467 564 τά
491 499 636 581 ἐκείνου,
664 496 772 585 τούτῳ
797 498 916 582 ἀριστα
939 496 1122 580 παρεσκεύα-

124 621 199 670 σται
223 608 291 689 ζῆν,
315 601 412 682 οὗτός
436 605 526 671 ἐστιν
550 605 568 671 6
592 604 740 689 σώφρων
759 600 815 667 καὶ
834 599 934 681 οὗτος
953 604 971 669 6
990 603 1121 689 ἀνδρεῖος

97 708 179 775 ὁκαὶ
197 713 373 795 φρόνιμος,
393 706 491 788 οὗτος
509 706 719 795 γιγνομένων
742 709 920 796 χρημάτων
940 709 997 775 καί
1013 713 1071 776 παί
1057 711 1119 774 ίδοι

124 814 179 880 καί
212 815 506 948 διαφθειρομένων
542 817 682 901 μάλιστα
713 818 861 881 πείσεται
893 823 933 900 τῇ
971 817 1116 901 παροιμία·

126 923 202 988 οὔτε
234 923 298 1009 γάρ
328 924 454 1009 χαίρων
487 922 564 988 οὔτε
596 921 806 1005 λυπούμενος
838 921 925 1004 άγαν
959 922 1150 1006 φανήσεται

126 1030 182 1095 διδ
205 1032 242 1095 τὸ
267 1029 356 1116 αὑτῶ
380 1026 589 1094 πεποιθέναι.
626 1023 856 1103 τοιούτουςδδ
873 1025 970 1111 ἡμεῖς
988 1025 1114 1110 ἀξιοῦμεν

125 1132 181 1199 καί
212 1137 291 1210 τοὺς
327 1094 478 1215 ἀγαθοὺς
515 1129 616 1216 εἶναι,
654 1133 731 1198 οὔτε
768 1132 1034 1216 ἀγανακτοῦντας
1062 1131 1114 1197 οὔτε

87 1259 112 1297 10
127 1238 361 1322 φοβουμένους
384 1240 485 1321 ἀγαν,
514 1241 546 1303 εί
572 1240 624 1303 δεῖ
645 1244 802 1305 τελευτᾶν
825 1238 862 1304 ἐν
884 1247 930 1327 ταῶ
961 1233 1113 1321 παρόντιλ

125 1347 206 1408 ἀλλο
230 1367 262 1408 τι
284 1343 424 1426 πάσχειν
447 1355 514 1409 τῶν
538 1343 775 1429 ἀνθρωπίνων.
817 1344 1054 1431 διατεταμένως
1072 1343 1113 1427 γάρ
1151 1422 1154 1427 ¹

127 1451 168 1533 δὴ
198 1451 252 1515 δεῖ
280 1449 404 1532 ταύτην
436 1451 525 1534 ἔχειν
555 1451 617 1533 τὴν
647 1449 766 1535 δόξαν,
804 1453 848 1529 ὡς
880 1451 899 1517 6
928 1449 990 1536 μὲν
1017 1447 1114 1535 ἀγαθὸς
1154 1478 1161 1539 ³.

127 1558 212 1642 ἀνὴρ
250 1559 397 1642 σώφρων
434 1557 482 1622 ῶν
519 1554 574 1621 καὶ
611 1558 740 1634 δίκαιος
780 1557 949 1643 εὐδαίμων
987 1555 1051 1623 ἐστί
1079 1548 1114 1620 καί
1154 1542 1161 1581 ⁵

128 1665 302 1750 μακάριος,
336 1662 395 1728 έάν
424 1688 459 1729 τε
487 1661 587 1749 μέγας
614 1661 670 1728 καὶ
699 1665 850 1750 ἰσχυράς,
883 1663 941 1729 ἐάν
970 1687 1004 1730 τε
1030 1660 1114 1748 μικρὸς

89 1788 114 1828 15
128 1768 182 1835 καί
215 1770 376 1854 ἀσθενής,
409 1769 465 1836 καὶ
498 1771 556 1836 ἐὰν
586 1776 713 1856 πλουτῇ
746 1768 801 1836 καί
830 1773 884 1855 μή.
932 1772 991 1836 ἐὰν
1020 1767 1047 1835 δ’
1073 1768 1114 1849 ἀρα
1158 1826 1161 1859 ÷

128 1882 254 1960 πλουτῇ
281 1877 415 1962 Κινύρα
446 1901 482 1942 τε
512 1876 568 1943 καί
596 1878 693 1941 Μίδα
724 1881 868 1960 μᾶλλον,
901 1867 923 1963 ᾖ
955 1874 993 1942 δὲ
1022 1877 1115 1948 ἀδικοίι

129 1984 247 2058 ἀθλιός
276 1979 314 2047 τέ
341 1981 411 2047 έστι
440 1981 495 2049 καὶ
528 1984 673 2069 ἀνιαρῶς
701 1986 750 2068 ζῇ·
783 1980 837 2048 καὶ
870 1981 951 2048 οὔτ’
980 1982 1025 2048 ἀν
1051 1997 1115 2066 μνα-

129 2091 289 2172 σαίμιγν,
319 2086 423 2173 φησὶν
448 2093 465 2156 6
488 2092 642 2174 ποιητής,
672 2095 762 2173 είπερ
792 2089 905 2173 ὀρθῶς
931 2087 1033 2174 λέγει,
1060 2070 1115 2152 οὔτ’

130 2194 173 2257 έν
201 2196 302 2279 λόγῳ
331 2195 460 2279 ἀνδρα
487 2201 694 2279 τιθοίμην,
728 2195 764 2272 ὃς
792 2197 836 2279 μὴ
859 2196 970 2262 πάντα
992 2197 1030 2261 τά
1050 2185 1117 2272 λεγί

90 2318 116 2356 νο
129 2321 213 2380 μενά
235 2299 320 2361 καλά
342 2299 422 2378 μετά
451 2299 666 2383 δικαιοσύνης
693 2299 831 2387 πράττοι
855 2298 910 2365 καί
933 2308 1051 2388 κτῷτο,
1074 2283 1119 2360 καί

131 2403 256 2483 δηίων
273 2410 425 2477 τοιοῦτος
444 2403 492 2468 ῶν
516 2402 699 2488 ὀρέγοιτο
724 2406 897 2488 ἐγγύθεν
923 2407 1119 2492 ίστάμενοίι
1159 2388 1161 2451 ί

130 2508 244 2583 αδικος
267 2504 305 2573 δ
327 2507 375 2571 ῶν
393 2510 474 2592 μήτε
496 2514 606 2600 τολμῷ
631 2511 733 2597 ὁρῶν
757 2514 885 2595 φόνον
910 2514 1161 2597 αἱματόεντα

130 2619 225 2701 μήτε
257 2624 352 2680 νικῶ
385 2615 491 2681 θέων
520 2620 716 2702 Θρηίκιον
745 2616 917 2702 Βορέην,
951 2615 1034 2704 μηδὲ
1062 2612 1121 2682 ἀλλο

131 2724 220 2811 αὐτῷ
254 2681 360 2807 μηδέν
387 2731 455 2787 τῶν
487 2721 678 2807 λεγομένων
708 2723 847 2807 ἀγαθῶν
879 2726 1030 2807 γίγνοιτό
1056 2731 1123 2787 ποτε·
1132 2708 1161 2755 ¹¹⁸⁴

91 2847 116 2887 ιε
130 2830 170 2892 τά
194 2830 257 2913 γάρ
280 2829 346 2893 ὑπὸ
370 2839 437 2893 τῶν
459 2833 594 2894 πολλῶν
622 2831 783 2914 λεγόμενα
811 2829 924 2912 ἀγαθά
952 2831 1014 2896 οὐκ
1036 2826 1125 2946 ὀρθῶς

131 2932 268 3019 λέγεται.
310 2933 437 3017 λέγεται
459 2936 522 3020 γάρ
547 2935 591 3012 ῶς
615 2935 763 3021 ἀριστον
787 2932 888 3019 μέν
870 2940 967 3020 υγιαί
964 2961 1047 3019 νειν,
1069 2918 1160 2998 66²³

131 3065 230 3128 τερον
254 3037 291 3106 δὲ
314 3041 449 3124 κάλλος,
472 3044 585 3126 τρίτου
610 3039 647 3107 δὲ
669 3041 833 3119 πλοῦτος.’
878 3046 980 3128 μυρία
1004 3040 1041 3108 δὲ
1061 3035 1127 3104 άλίί

225 3240 265 3288 12
284 3240 370 3302 p.93‚
388 3239 419 3288 19
439 3232 511 3287 Plat.
531 3233 572 3287 De
591 3233 991 3304 Legg.11p.66016-662A.

132 3341 346 3350 ———--—-

224 3413 256 3461 17
272 3405 478 3478 έττίιαρεεεοτ.
493 3411 503 3480 α
518 3415 550 3465 18
561 3405 625 3465 οὔτε
640 3412 652 3480 6
664 3415 763 3463 2οκω
709 3430 763 3477 κῳτ
752 3410 797 3464 ’το
808 3409 867 3463 ΡΑ·
884 3430 935 3464 κεκ
918 3412 1020 3466 κτῶτιι
1030 3404 1131 3475 κεκτῇτο

123 3475 289 3551 00606627
307 3481 446 3537 πλοῦτον·
470 3481 575 3538 *τολωὶλ
591 3481 716 3535 {masse
733 3465 821 3532 πυλοτ
787 3485 864 3531 υτῖνε
848 3480 995 3532 ⁸6th6«
