2430 3930
380 180 655 236 PROTREPTICUS
676 183 708 250 (ε.
723 179 819 250 xvn).
1065 180 1107 244 85

90 345 184 408 στίαν
207 365 243 407 τε
266 340 321 407 καὶ
344 345 463 427 λήθην.
505 351 608 408 ταῦτα
627 342 776 420 ἐπιεικῶς
799 339 861 426 μέν
885 341 975 407 ἐστιν
992 341 1058 407 ύπύ
1077 367 1109 408 τι

89 451 203 531 άτοπα,
229 449 329 532 δηλοῖ
344 450 411 534 μήν
430 449 448 514 6
468 448 532 531 ἐγὼ
551 450 716 533 βούλομαι
735 447 959 531 ἐνδείξασθαι,
983 449 1027 525 ὡς
1044 451 1107 536 χρή

42 574 78 613 ⁰1<-
90 553 300 640 μεταθέσθαι
323 555 387 620 ἀπὸ
410 563 471 620 τοῦ
494 555 668 639 ἀπλήστως
689 552 745 620 καὶ
764 554 951 630 ἀκολάστως
974 556 1109 638 ἔχοντος

89 665 165 746 βίον
193 659 247 727 ἐπὶ
274 662 334 727 τὸν
362 664 508 746 κοσμίως
534 660 591 726 καὶ
617 672 688 738 τοῖς
715 659 767 726 ἀεὶ
793 670 958 748 παροῦσιν
987 660 1108 736 ίκανῶς

89 766 141 833 καὶ
167 767 395 854 ἐξαρκούντως
418 770 536 853 ἔχοντα
560 771 647 851 βίον,
670 765 726 833 καὶ
749 770 930 833 πείθεσθαι
953 767 1134 851 εὔδαιμον

90 873 269 958 νεστέρους
292 870 379 939 είναι
401 877 481 951 τοὺς
503 876 664 959 κοσμίους
686 884 754 939 τῶν
777 874 979 940 ἀκολάστων.
1026 870 1107 958 φέρε

91 982 130 1064 δή
151 975 216 1047 οὖν
233 978 289 1046 καὶ
307 982 413 1064 ἀλλην
432 982 544 1045 εἰκόνα
563 985 644 1046 είπω
664 979 700 1045 ἐκ
718 989 779 1045 τοῦ
797 980 901 1045 αὐτοῦ
919 983 1106 1063 γυμνασίου

89 1089 148 1171 τήν
172 1095 248 1152 νῦν.
293 1089 409 1152 σκόπει
436 1088 500 1172 γάρ
527 1088 558 1151 εί
578 1088 711 1152 τοιόνδε
734 1088 828 1152 δοκεῖ
848 1084 924 1170 περὶ
946 1094 1006 1150 τοῦ
1030 1087 1107 1168 βίον

91 1192 257 1278 ἑκατέρου,
281 1202 394 1258 τοῦτο
413 1193 590 1278 σώφρονος
612 1190 667 1258 καὶ
684 1202 745 1258 τοῦ
764 1193 961 1275 ἀκολάστου,
985 1183 1059 1256 οἷον
1078 1193 1109 1256 εί

91 1300 187 1364 δυοῖν
212 1297 353 1383 ἀνδροῖν
377 1296 519 1385 ἑκατέρω
543 1302 641 1363 πίθοι
663 1296 783 1364 πολλοὶ
802 1293 880 1383 εἷεν,
902 1297 958 1364 καί
976 1307 1021 1385 τῷ
1046 1295 1107 1382 μέν
1122 1316 1148 1354 1⁰

90 1403 188 1491 ἑτέρω
215 1404 320 1488 ὑγιεῖς
347 1402 402 1469 καὶ
431 1406 578 1489 πλήρεις,
608 1404 625 1469 6
655 1400 716 1488 μὲν
744 1411 841 1470 οίνου
869 1405 886 1469 6
912 1401 948 1469 δέ
977 1405 1107 1488 μέλιτος

42 1511 107 1576 ιλὸ
131 1508 169 1575 δὲ
195 1510 358 1593 γάλακτος
384 1508 440 1575 καὶ
468 1511 563 1575 άλλοι
590 1509 708 1576 πολλοί
736 1516 884 1593 πολλῶν,
913 1511 1041 1594 νάματα
1069 1507 1106 1574 δέ

92 1617 215 1682 σπάνια
236 1613 294 1681 καὶ
315 1617 441 1700 χαλεπά
465 1614 605 1681 ἑκάστου
628 1617 756 1681 τούτων
779 1622 829 1698 είη
848 1613 904 1680 καὶ
927 1617 1006 1699 μετδι
1027 1621 1106 1681 πολ-

92 1727 157 1786 λῶν
190 1723 305 1788 πόνων
342 1719 397 1787 καὶ
428 1727 580 1806 χαλεπῶν
614 1721 861 1808 ἐκποριζόμενα·
899 1721 917 1785 6
950 1719 1011 1807 μὲν
1044 1717 1107 1788 οὖν

91 1827 201 1914 ἕτερος
227 1828 487 1915 πληρωσάμενος
514 1830 594 1912 μήτε
623 1827 811 1912 ἐποχετεύοι
838 1825 925 1913 μηδέ
946 1850 979 1892 τι
1002 1852 1106 1914 φρον-
1121 1844 1146 1886 15

90 1939 185 2018 τίζοι,
216 1932 287 1999 ἀλλ’
314 1934 410 2000 ἕνεκα
437 1935 566 1999 τούτων
593 1934 736 2017 ἡσυχίαν
764 1936 845 2018 ἔχοι·
872 1943 918 2021 τῷ
948 1932 978 1999 δ’
1006 1933 1105 2023 ἑτέρῳ

89 2044 127 2106 τά
150 2038 213 2126 μὲν
237 2041 379 2125 νάματα,
404 2041 513 2125 ὥσπερ
537 2039 593 2106 καὶ
617 2040 747 2127 ἐκείνω,
776 2040 902 2105 δυνατά
928 2036 989 2124 μὲν
1012 2044 1107 2124 πορί-

92 2152 206 2227 ζεσθαι
235 2153 300 2230 είη,
333 2149 457 2232 χαλεπά
484 2145 536 2231 δέ,
568 2149 609 2212 τά
637 2145 674 2212 δὲ
702 2147 817 2231 ἀγγεῖα
844 2145 1025 2234 τετρημένα
1050 2145 1108 2213 καὶ

90 2255 213 2340 σαθρά,
238 2253 453 2336 ἀναγκάζοιτο
477 2251 514 2318 δὲ
538 2252 589 2318 ἀεὶ
611 2250 667 2319 καὶ
684 2255 788 2319 νύκτα
806 2252 863 2319 καὶ
880 2252 1007 2339 ἡμέραν
1029 2274 1106 2338 πιμ-

90 2360 212 2426 πλάναι
231 2359 325 2442 αὐτά,
344 2359 364 2442 6
384 2361 442 2436 τάς
461 2359 597 2444 ἐσχάτας
616 2365 754 2427 λυποῖτο
774 2362 890 2439 λύπας·
915 2357 978 2445 ἆρα
997 2362 1107 2428 τοιού·
1121 2376 1147 2416 2⁰

90 2490 149 2532 του
172 2467 271 2542 ὄντος
293 2474 354 2532 τοῦ
376 2469 465 2549 βίου,
490 2467 551 2531 ούκ
575 2469 666 2532 ἐσται
688 2467 982 2554 εὐδαιμονέστερος
1005 2469 1023 2534 6
1046 2478 1107 2534 τοῦ

42 2583 83 2627 θΚ.
92 2575 232 2657 κοσμίου
254 2570 275 2654 6
298 2580 359 2636 τοῦ
379 2571 577 2650 ἀκολάστου;
602 2572 621 2638 6
645 2570 706 2658 μὲν
728 2575 792 2657 γάρ
814 2583 860 2662 τῷ
885 2576 929 2650 ὡς
950 2580 1106 2640 πλεῖστον

94 2677 238 2763 ἐπιρρεῖν
262 2679 327 2761 ἔχει
350 2678 387 2743 τὸ
412 2679 589 2763 εύδαιμον,
618 2671 704 2744 ἐν
678 2703 704 2743 ω
728 2680 857 2744 πολύ’
840 2680 965 2763 αυάγκη
990 2679 1105 2745 καὶτὸ

96 2783 188 2849 ἀπιὸν
217 2778 304 2848 εἶναι
331 2781 386 2848 καὶ
416 2786 583 2867 μεγάλα’
569 2787 649 2849 άττα
675 2787 716 2849 τά
747 2787 893 2869 τρήματα
922 2779 1008 2850 εἶναι
1035 2797 1106 2863 ταῖς

98 2888 231 2974 ἐκροαῖς,
256 2889 336 2975 ὅπερ
360 2886 461 2954 οὐδὲν
480 2892 561 2955 ἀλλο
582 2890 618 2955 ἐσ
618 2887 671 2955 τὶν
689 2889 710 2973 ή
729 2890 913 2975 χαραδριοῦ
930 2913 1005 2956 τινα
1028 2895 1105 2974 βίον
1120 2904 1146 2947 25

100 2995 218 3080 διαζῆν·
244 2995 261 3061 ὁ
286 2992 324 3060 δε
345 2996 601 3082 πεπληρωμένος
623 2995 759 3074 εἰσάπαξ
781 3005 848 3060 τῶν
872 2998 1044 3063 οίκείων’
1026 3023 1105 3082 αγα-

102 3106 165 3168 θῶν
184 3103 350 3188 αὐτάρκης
369 3101 420 3167 ἀεὶ
440 3101 587 3187 διαμένει
605 3103 712 3168 πάντα
726 3104 786 3168 τὸν
799 3107 932 3189 χρόνον.
968 3106 1104 3189 τοιαύτη

42 3208 44 3243 ⁸
104 3211 142 3283 τίς
164 3209 232 3274 ἐστι
255 3206 310 3273 καὶ
337 3209 357 3291 6
383 3208 627 3295 άρχαιοπρεπής
654 3211 858 3295 παράκλησις
885 3209 937 3276 ἐπὶ
964 3213 1025 3295 τήν
1048 3220 1106 3294 τῆς

106 3310 209 3398 ἀρετῆς
233 3315 453 3400 ἐπιτήδευσιν.

106 3428 304 3442 Ἢ

182 3478 197 3527 8
217 3493 250 3543 τη
269 3493 324 3528 νυν
326 3473 388 3562 Pu
404 3479 435 3527 15
455 3471 539 3560 μηδέ]
559 3470 628 3543 μήτε
642 3474 664 3527 Ρ
679 3477 688 3544 6
703 3479 735 3526 21
756 3467 857 3528 ante''
842 3493 925 3537 ουτος
943 3471 1055 3531 addit
1041 3496 1104 3532 ενα-

42 3594 44 3627 ,
108 3535 175 3608 τἔρον
194 3544 216 3598 Ρ
234 3529 244 3613 6
263 3538 334 3598 24⁹
316 3543 404 3599 απιδν
422 3544 523 3599 PAta
505 3539 597 3617 άβιον.
