2400 3930
59 196 63 203 ·
126 162 169 227 20
540 163 729 220 ΙΑΜΒΙιΙΟΗΙ

125 329 268 408 θεωρὸς.
285 327 438 410 ὑπάρχει,
467 323 521 391 καὶ
550 327 633 410 πρὸς
661 336 760 392 τοῦτο
788 325 906 411 γέγονε
934 326 988 394 καὶ
1015 330 1092 414 όργα·

126 430 180 497 καὶ
211 433 368 518 δυνάμεις
396 438 512 517 είληφε
539 434 628 517 παρὰ
655 443 716 498 τοῦ
747 439 841 500 θεοῦ.
888 436 944 500 διὰ
971 443 1069 500 ταῦτα

127 538 227 604 πόλιν
250 537 325 624 περὶ
349 548 417 604 πᾶν
439 541 476 605 τὸ
501 541 555 622 όν,
583 529 604 625 ᾗ
629 541 684 622 όν,
714 548 772 623 τῆς
794 545 1000 624 θεωρητικῆς
1023 558 1092 623 σοφι

128 644 290 730 ἐφίεσθαι
312 646 414 711 αὐτὸν
442 648 521 730 χρή,
550 644 606 711 καί
629 648 691 723 τὰς.
714 645 816 730 ἀρχὰς
842 645 896 712 καί
924 649 965 712 τὰ
991 649 1092 731 κριτηρ

101 753 235 836 ιπάσης
260 753 417 835 γνώσεως
449 758 606 836 μεταθεῖν
638 751 897 837 ἐπιστημονικῶς
929 751 1005 838 περὶ
1036 753 1092 818 πάι

65 895 69 901 ·
127 859 167 922 τὰ
190 857 270 942 γένη
293 868 360 923 τῶν
384 860 506 923 όντων·
541 859 643 925 αὐτόν
670 882 705 924 τε
728 860 788 924 τὸν
810 867 895 924 νοῦν
918 857 998 924 καθ’
1026 857 1092 924 ἑαυι

127 963 264 1031 καὶτὸν
287 966 531 1050 καθαρώτατον
554 968 657 1049 λόγον
680 964 932 1049 ἐπισκοπεῖσθαι
956 964 1092 1044 ἀξιονῑι

129 1072 204 1137 ὅσαι
237 1068 292 1137 ἀπ’
329 1071 436 1138 αὐτοῦ
472 1070 569 1156 ἀρχαί
603 1071 791 1137 ἐνόίόονται
823 1073 870 1148 είς
902 1072 942 1136 τὰ
974 1074 1059 1137 καλὰ
1088 1097 1092 1135 ι

128 1177 240 1260 ἀγαθὰ
266 1187 327 1242 τοῦ
361 1177 580 1266 ἀνθρωπίνου
608 1181 700 1261 βίον,
733 1175 787 1243 καί
820 1177 882 1243 ὅσα
913 1175 989 1262 περὶ
1017 1176 1092 1266 ἀρετ

88 1303 113 1342 ιο
129 1282 383 1366 ἐπιλογιζόμεθα
412 1286 578 1366 καθόλου,
611 1281 666 1347 καὶ
694 1284 755 1349 ὅσα
786 1281 861 1368 περὶ
889 1283 1092 1368 μαθημάτων

129 1390 238 1453 ἀλλων
270 1398 372 1453 τινῶν
408 1399 533 1472 τεχνῶν
562 1387 583 1470 ἢ
615 1387 882 1473 ἐπιτηδευμάτων
914 1391 1092 1474 μανθάνομ

127 1497 287 1581 προσήκει
315 1494 500 1580 προθύμως
523 1492 817 1559 ἀναδιδάσκεσθαι.
860 1489 915 1560 καί
945 1495 1033 1561 οὕτω
1062 1517 1092 1579 πρ

129 1603 211 1685 όλην
246 1603 308 1686 την
340 1602 548 1686 φιλοσοφίαν
582 1596 637 1666 καὶ
669 1600 689 1683 ἡ
723 1600 787 1666 ἀπὸ
825 1609 883 1685 τῆς
919 1603 1053 1687 φύσεως
1083 1626 1092 1666 ι

132 1707 316 1793 ἀνθρώπου
339 1706 517 1796 ὁρμωμένη
537 1706 655 1790 μέμονε
677 1696 889 1792 παροίκλησιςζ

89 1831 114 1873 15
218 1819 371 1879 Ποιεῖται
381 1810 418 1879 δέ
429 1812 484 1879 καὶ
496 1814 600 1896 ἀλλην
615 1811 799 1898 σύμμικτον
809 1799 1052 1898 ἔφοδονέπὶτά
1062 1815 1092 1878 αι

128 1919 381 2007 προτρέπονσαν
401 1915 469 1986 ὧόέ
484 1940 565 1997 πως·
590 1917 748 2003 “μένονε
767 1917 832 1985 καὶ
851 1916 1020 1985 συνέστα
1041 1920 1092 2003 όά

127 2034 287 2114 θρωπος
309 2028 428 2093 ποττὸ
451 2033 657 2114 θεωρῆσαι
680 2028 749 2090 τὸν
772 2028 892 2108 λόγον
914 2027 981 2103 τὰς
1000 2036 1049 2091 τῶ
1069 2027 1092 2091 ό,

128 2135 286 2219 φύσιος·
309 2132 373 2200 καὶ
392 2144 459 2211 τᾶς
478 2137 621 2218 σοφίας
641 2128 693 2198 ὧν
711 2135 828 2216 ἔργον
848 2133 1062 2216 (κτᾶσθαι)
1079 2156 1092 2196 κ

128 2238 281 2325 θεωρέν
303 2242 377 2304 τάν
399 2250 476 2304 τῶν
500 2239 648 2304 ἐόντων
672 2238 896 2325 φρόνασιν.’
915 2238 951 2303 ·ὃ
973 2240 1015 2323 δή
1034 2263 1092 2323 φας

91 2365 118 2403 ιο
136 2344 172 2410 ἐν
194 2345 325 2420 τούτοις
348 2343 544 2427 σύμμικτον,
568 2342 674 2408 ἐκεῖνό
694 2344 776 2410 ἐστι·
799 2352 838 2429 τῇ
861 2345 925 2428 γὰρ
950 2345 1020 2432 ίθίᾳ
1044 2346 1091 2429 φύ

133 2450 194 2532 τὴν
217 2449 335 2532 κοινὴν
359 2446 592 2535 συνεκέρασεν,
617 2450 661 2526 ὡς
684 2449 832 2535 ἐχουσῶν
854 2451 983 2516 τούτων
1007 2467 1092 2536 σνμφ

129 2558 206 2620 νίαν
229 2555 312 2641 πρὸς
335 2554 486 2638 ἀλλήλας.
528 2557 560 2620 εί
580 2556 644 2641 γὰρ
664 2556 735 2620 ὅτε
754 2558 852 2638 λόγος
874 2565 935 2620 τοῦ
959 2555 1092 2641 ἀνθρώιι

129 2665 335 2750 θεωρητικός
362 2661 452 2728 ἐστιν
480 2660 516 2727 ἐν
544 2669 589 2750 τῷ
618 2664 706 2750 λόγῳ
734 2672 801 2739 τᾶς
827 2673 877 2727 τῶ
901 2663 976 2727 ὅλω
1001 2664 1092 2747 φύσι

130 2768 185 2836 καὶ
212 2771 232 2854 η
261 2773 364 2856 σοφία
391 2777 453 2835 τοῦ
481 2768 665 2855 ἀνθρώπου
697 2777 810 2834 κτᾶται
842 2766 897 2834 καί
927 2775 1092 2855 θεωρεῑτ

91 2885 206 2941 τετῶν
239 2875 384 2941 ἐόντων
417 2879 631 2962 φρόνασιν,
664 2875 750 2961 ὁμοῦ
781 2872 842 2959 μὲν
870 2875 1031 2959 ὁμολογία
1060 2870 1092 2942 ού

132 2980 361 3048 ἀποδέδεικται
396 2992 454 3067 τῆς
487 2980 641 3069 μεριστῆς
671 2991 732 3047 τοῦ
768 2984 871 3066 λόγου
902 2979 957 3047 καί
994 2992 1052 3067 τῆς
1082 3007 1092 3046 ι

132 3089 213 3156 ὅλου
236 3096 354 3175 νοερᾶς
377 3090 519 3173 φύσεως,
545 3089 630 3174 ὁμοῦ
654 3085 690 3153 δέ
713 3085 768 3152 καὶ
791 3087 811 3170 ἡ
835 3089 1006 3174 προτροπὴ
1029 3094 1092 3154 τελι

222 3286 312 3337 16.19
332 3280 431 3352 μέμονε
443 3312 477 3322 -
488 3276 627 3352 φρόνασιν
646 3281 804 3336 Perictione
824 3297 868 3350 ap.
888 3279 965 3335 Stob.
984 3280 1086 3367 Flom

221 3463 237 3512 8
255 3445 341 3527 ὁρμαὶ
356 3457 473 3529 vitellii}
488 3465 521 3514 18
536 3461 638 3527 σοφίας
652 3449 691 3513 ἀν
707 3457 866 3527 scripsitK:
882 3459 996 3526 σοφίας·
1011 3451 1092 3530 όνΙΙκ

132 3533 202 3584 σθαι
221 3527 332 3584 addidit
347 3529 373 3583 K
387 3531 396 3600 ΙΙ
411 3534 444 3584 19
463 3527 574 3598 θέωρεν
588 3530 597 3598 ΙΙ
611 3535 645 3584 28
664 3531 701 3584 τῶ
721 3523 776 3584 ’όλω
795 3528 876 3584 Gale:
896 3529 933 3583 τῶ
953 3526 1035 3616 λόγω.
