2400 3930
342 111 613 170 PROTREPTICUS
633 115 667 182 (ε.
682 113 767 182 mv).
1020 112 1060 177 τι

10 308 31 372 333
86 273 154 339 πόλει
169 280 242 355 τοὺς
261 273 530 360 σωθησομένους.
569 273 702 341 λεκτέον
722 271 839 341 οὖντὸ
859 275 993 360 ἀληθές,
1013 277 1063 341 ὅτι

10 424 29 477 3
86 384 199 470 τοσούτω
236 385 363 468 μᾶλλόν
399 384 485 448 είσιν
519 372 586 447 σάοι
622 381 685 447 οὐκ
721 387 864 465 οῖὀυται,
902 382 953 446 ὅτι
989 379 1064 466 οὐχὶ

87 489 193 555 οίονται·
225 489 387 573 ἀγνοοῦσι
418 489 482 576 γάρ
511 490 628 572 ζημίαν
655 487 800 571 ἀδικίας,
833 487 850 552 δ
875 488 929 553 δεῖ
948 489 1064 571 ήκιστα

10 630 26 691 33
59 587 199 672 ῑάγνωῖν.
246 595 288 662 οὐ
315 597 379 681 γάρ
411 594 501 660 ἐστιν
532 595 575 678 ἣν
607 594 759 678 δοκοῦσι,
792 599 917 678 πληγαί
944 618 979 660 τε
1010 591 1065 658 καὶ

11 764 21 795 ·.
86 699 209 787 θάνατοι,
233 697 282 769 ὧν
301 701 407 767 ἐνίοτε
429 701 615 786 πάσχουσιν
635 698 736 766 οὐδὲν
755 702 959 786 ἀδικοῦντες,
983 701 1093 766 ἀλλάι

15 830 49 902 :1³
85 801 300 885 ήνάδάυατον
331 807 499 892 ἐκφυγεῖν.
544 810 820 893 παραδειγμάτων
856 811 920 894 γάρ
953 807 990 873 ἐν
1021 816 1066 894 τῷ

85 908 137 980 ἀνα
155 914 313 998 ἑστώτων,
336 923 397 979 τοῦ
415 910 477 998 μέν
494 917 594 979 θείου
618 914 929 999 εὐδαιμονεστάτου,
951 923 1012 979 τοῦ
1032 910 1069 979 δέ

12 1073 23 1087 .
85 1014 207 1107 <άθέου>
240 1020 465 1103 ἀθλιωτάτου,
503 1021 563 1104 οὐχ
596 1020 739 1106 δρῶντες
771 1021 821 1085 ὅτι
858 1021 963 1096 οὕτως
994 1022 1069 1103 ἔχει,

10 1180 16 1215 ,
83 1117 131 1191 ἀπὸ
146 1129 356 1212 ήλιθιότητός
373 1151 408 1193 τε
426 1124 481 1192 καὶ
499 1135 558 1210 ιής
575 1126 713 1212 ἐσχάτης
727 1126 843 1204 ἀνοίας
861 1127 1071 1202 λανθάνουσι

10 1310 12 1317 .
80 1236 114 1312 λβ
133 1231 190 1318 μὲν
213 1233 429 1319 ὁμοιούμενοι
456 1235 512 1298 διδ
538 1234 597 1311 τάς
623 1233 760 1311 ἀδίκους
781 1232 929 1320 πράξεις,
959 1241 1004 1321 τῷ
1034 1220 1112 1297 δέω

77 1327 328 1425 άνομοιοάμενοι.
366 1335 408 1405 οὗ
427 1340 468 1423 δή
487 1342 619 1405 τίνουσι
638 1341 735 1424 δίκην
755 1344 871 1419 ζῶντες
888 1342 948 1406 τὸν
962 1342 1072 1406 είκότα

72 1436 141 1514 βίον
161 1438 188 1535 ᾧ
207 1448 404 1532 ὡμοιοῦντο.
446 1446 505 1512 ἐάν
523 1443 562 1512 δὲ
579 1453 723 1532 εῖπωμεν
742 1448 802 1528 ὅτι,
826 1447 885 1513 ἐάν
903 1449 946 1532 μή
971 1447 1073 1511 ἀπαλ-

69 1542 188 1634 άᾱγῶσι
225 1561 284 1637 τής
320 1554 526 1637 δεινότητος,
566 1550 621 1618 καὶ
656 1556 915 1637 τελευτήσαντας
952 1551 1074 1627 αὐτοὺς

64 1643 188 1739 ἐκεῖνος
215 1657 277 1745 μὲν
300 1661 318 1726 ό
341 1671 409 1726 τῶν
431 1671 542 1726 κακῶν
564 1662 714 1746 καθαρὸς
740 1662 841 1737 τόπος
868 1659 908 1723 οὐ
936 1655 1074 1740 δέξεται,

62 1749 188 1832 ἐνθάδε
222 1763 259 1832 δέ
289 1769 352 1852 τήν
383 1767 497 1845 αὑτοῖς
529 1766 706 1852 ὁμοιότητα
736 1776 795 1850 τής
827 1767 993 1849 διαγωγῆς
1024 1761 1075 1828 ἀεὶ
1090 1784 1115 1823 15

59 1855 192 1958 ἕξουσι,
220 1871 317 1940 κακοὶ
342 1883 456 1951 κακοῖς
484 1872 653 1956 ξυνόντες,
680 1881 783 1939 ταῦτα
812 1873 853 1955 δή
876 1868 931 1936 καὶ
954 1870 1076 1935 παντά-

56 1987 170 2045 πασιν
192 1982 237 2058 ὡς
260 1978 371 2046 δεινοδ
388 1977 443 2046 καὶ
466 1989 653 2065 πανοῦργοι
681 1979 832 2062 ἀνοήτων
854 1990 956 2043 τινῶν
979 1977 1078 2041 ἀκοά-

55 2090 194 2171 σονται,
212 2085 268 2153 καὶ
286 2087 373 2172 μάλα
391 2088 433 2170 δή
452 2084 639 2171 ὑπέρογκον
657 2094 872 2170 φρονοῦντες.
909 2084 946 2148 ἓν
964 2079 1078 2166 μέντοι

53 2198 100 2247 τι
131 2192 241 2269 αὐτοῖς
272 2191 494 2278 συμβέβηκεν,
527 2193 608 2257 ὅταν
641 2193 710 2278 ίδίμ
742 2193 844 2274 λόγου
872 2188 930 2275 δέη
960 2191 1083 2254 δοῦναί

54 2306 109 2356 τε
138 2297 190 2364 καὶ
219 2297 381 2377 δέξασθαι
412 2297 486 2384 περὶ
519 2293 566 2363 ὧν
597 2296 754 2380 ψέγουσι,
785 2296 841 2362 καί
873 2297 1080 2381 ἐθελήσωσιν
1094 2313 1120 2353 ²⁰

58 2389 234 2490 ἀνδρικῶς
260 2407 369 2471 πολὺν
396 2407 521 2490 χρόνον
547 2403 725 2489 ὑπομεῖναι
751 2402 807 2470 καὶ
834 2405 878 2489 μή
907 2404 1081 2489 ἀνάνδρως
1146 2447 1149 2451 Δ

60 2509 223 2594 φεύγειν,
260 2514 334 2576 τότε
370 2511 500 2588 ἀτόπως
534 2515 749 2587 τελευτῶντες
786 2511 847 2576 οὐκ
883 2510 1082 2596 ἀρέσκουσιν

10 2614 47 2659 ’Κ
65 2611 169 2682 αὐτοὶ
191 2617 304 2694 αὑτοῖς
326 2614 401 2703 περὶ
424 2611 472 2682 ὧν
495 2615 644 2700 λέγουσι,
669 2615 726 2681 καὶ
748 2616 768 2699 ή
793 2615 949 2700 ῥητορική
974 2614 1081 2695 ἐκείνη

67 2730 146 2797 πῶς
170 2724 444 2810 ἀπομαραίνεται,
471 2725 554 2789 ὥστε
580 2724 711 2789 παίδων
739 2724 852 2787 δοκεῖν
880 2716 984 2805 μηδὲν
1013 2721 1083 2784 δια-

74 2820 198 2910 φέρειν.
244 2831 276 2895 εί
293 2830 335 2913 δή
355 2837 458 2893 ταῦτα
477 2828 582 2906 οὕτως
601 2831 677 2913 ἔχει,
700 2826 755 2893 καὶ
779 2827 796 2893 ὁ
819 2830 893 2911 βίος
915 2827 1085 2911 θειότερός
1099 2842 1124 2883 ω

76 2929 222 3003 1ἴδείναι
248 2933 304 3003 καλ
331 2933 625 3021 εὐδαιμονέστερος
652 2938 806 3020 φαίνεται
830 2944 897 2998 τῶν
926 2931 962 2997 ἐν
990 2937 1084 3015 φιλο-

82 3042 181 3130 σοφίᾳ
207 3045 410 3125 διαγόντων,
443 3038 544 3107 οὐδὲν
571 3042 651 3106 ἀλλο
679 3042 741 3126 χρή
765 3040 920 3126 πράττειν
947 3037 967 3120 ή
991 3042 1085 3120 φιλο-

84 3146 198 3225 σοφίας
218 3148 524 3232 ἀντιλαμβάνεσθαι
545 3150 716 3230 γενναίως.

85 3256 289 3292 &—

169 3346 184 3397 8
202 3337 295 3397 ἀθάον
315 3341 384 3396 exP
399 3340 510 3395 addidit
523 3341 547 3394 A
561 3343 570 3411 ΙΙ
586 3346 617 3394 11
632 3340 739 3393 τίνουσι
753 3335 812 3391 ΡΑι
832 3338 954 3392 τείνουσι
967 3340 977 3406 n
993 3342 1024 3392 15
1039 3334 1087 3392 αά-

86 3403 141 3465 τοῖς
153 3412 162 3481 ή
176 3417 207 3466 19
225 3406 308 3483 ὅταν]
328 3406 371 3467 ὅτι
390 3405 426 3466 ἀν
444 3411 499 3477 ΡΑ,
519 3414 549 3466 at
567 3412 602 3466 cf.
618 3410 748 3465 Schanzii
765 3410 829 3464 adn.
845 3408 907 3463 crit.
921 3409 961 3463 εδ
973 3411 1093 3463 'Ehem

85 3471 111 3525 P·
127 3481 205 3536 1⁷⁷ss
213 3488 227 3554 ή
239 3490 274 3539 20
291 3479 466 3552 ἐθελήσωσιν
485 3483 546 3541 PA:
568 3479 758 3555 ἐθελήσουσιν
771 3485 837 3554 &m
853 3481 927 3544 πῶς·
