2400 3930
374 146 647 204 PROTREPTICUS
667 149 702 218 (ι.
716 147 825 218 xvm).
1065 148 1107 213 87

85 312 200 394 ψυχῆς
223 311 424 394 κοσμήσεσιν
447 309 466 375 ὁ
489 311 592 394 νόμος
614 307 759 393 λέγεται,
787 310 869 375 ὅθεν
894 307 951 373 καὶ
972 313 1108 397 νόμιμοι

93 416 266 498 ῖίγνονται
292 413 348 479 καλ
374 417 521 499 κόσμιοι·
552 424 655 480 ταῦτα
688 409 719 480 δ’
744 413 815 480 ἐστὶ
847 416 1043 500 δικαιοσύνη
1073 440 1107 482 τε

44 568 48 581 ..
100 519 377 606 λαὶσωφροσύνη.
413 522 539 588 οὐκοῦν
554 520 674 588 ἐκεῖνοι
689 513 739 599 οἷς
752 545 784 586 τι
803 521 893 605 μέλει
908 530 966 604 τής
980 520 1108 588 ἑαυτῶν

44 622 59 707 ἶ,
106 629 200 709 ψυχῆς
222 627 307 710 πρὸς
329 635 431 691 ταῦτα
454 625 631 710 βλέποντες
653 624 709 692 καὶ
730 629 809 704 τοὺς
831 629 952 710 λόγους
971 633 1108 713 προσοί-

44 732 56 797 ‘t'
106 744 192 798 σουσι
204 743 277 809 ταῖς
290 743 422 816 ψυχαῖς,
441 732 500 810 οδς
514 731 556 798 ἀν
574 732 706 815 λέγωσι,
724 731 780 798 καί
797 734 855 809 τάς
873 731 1006 817 πράξεις
1025 733 1133 799 ἀνά-ι

44 798 52 889 δ
106 850 170 921 σας,
195 836 251 904 καὶ
281 839 391 923 δῶρον
419 837 478 904 ἐάν
505 861 538 902 τι
561 839 694 921 διδῶσι,
724 839 885 922 δώσουσι,
913 838 969 904 καλ
994 840 1053 906 έάν
1075 864 1107 905 τι

96 939 318 1029 ἀφαιρῶνται,
342 944 600 1030 ἀφαιρήσονται,
629 947 716 1031 πρὸς·
734 954 833 1010 τοῦτο
862 944 912 1010 ἀεὶ
940 947 1000 1010 τὸν
1022 956 1107 1011 νοῦν

44 1044 76 1094 ’Κ
91 1046 234 1134 ἔχοντες,
258 1051 347 1126 ὅπως
365 1048 406 1115 άν
425 1050 535 1116 αύτῶν
551 1052 747 1134 δικαιοσύνη
766 1048 827 1135 μὲν
847 1050 884 1116 ἐν
901 1061 974 1127 ταῖς
986 1062 1107 1135 ψυχαῖς

83 1157 257 1241 γίγνηται,
281 1156 392 1222 ἀδικία
416 1154 453 1222 δὲ
477 1157 728 1242 ἀπαλλάττηται,
750 1155 805 1223 καὶ
823 1158 1026 1244 σωφροσύνη
1045 1154 1107 1242 μὲν

83 1253 300 1346 ἐγγίγνηται,
334 1262 493 1329 ἀκολασία
526 1260 563 1328 δὲ
594 1263 851 1346 ἀπαλλάττηται,
883 1261 939 1329 καὶ
970 1264 990 1348 ή
1024 1265 1105 1347 άλλη
1122 1285 1147 1324 ιο

80 1358 192 1452 ἀρετή
215 1368 418 1452 ἐγγίγνηται,
441 1372 539 1434 κακία
563 1365 600 1434 δὲ
623 1369 711 1455 ἀπίη.
757 1372 792 1434 τί
811 1371 875 1453 γάρ
899 1372 1021 1454 ὄφελος
1044 1371 1107 1437 σύ·

86 1477 175 1545 ματί
197 1497 235 1558 γε
263 1475 425 1559 κάμνοντι
452 1473 508 1540 καί
535 1482 714 1560 μοχθηρῶς
744 1476 940 1563 διακειμένῳ
968 1477 988 1560 ή
1020 1480 1106 1542 σιτία

87 1583 200 1646 πολλὰ
222 1581 356 1647 διδόναι
378 1579 434 1647 καὶ
459 1583 500 1647 τά
526 1583 645 1665 ήδιστα
671 1581 692 1666 ή
720 1584 804 1648 ποτά
826 1581 847 1666 ή
871 1583 951 1647 άλλο
980 1581 1105 1665 ὁτιοῦν,

95 1673 122 1740 ὃ
151 1688 188 1770 μή
216 1687 331 1770 ὀνήσει
362 1689 465 1753 αὐτὸν
496 1686 568 1753 ἐσθ’
602 1689 620 1753 ὅ
649 1711 681 1752 τι
712 1686 815 1753 πλέον
847 1686 867 1770 ή
895 1687 1105 1772 τούναντίον,

96 1793 175 1856 κατά
195 1817 234 1876 γε
257 1794 316 1858 τὸν
340 1794 470 1859 δίκαιον
494 1797 610 1877 λόγον,
638 1792 694 1859 καὶ
722 1797 873 1871 ἔλαττον
903 1795 971 1857 ἐστι
993 1804 1104 1860 ταῦτα.
1120 1814 1145 1854 ιι

104 1891 142 1954 οὗ
159 1900 220 1985 γάρ
245 1895 337 1983 οἶμαι
359 1904 544 1966 λυσιτελεῖν
566 1903 647 1984 μετά
665 1902 852 1985 μοχθηρίας
875 1900 1024 1984 σώματος
1048 1904 1064 1979 ζ
1085 1926 1105 1966 ν

44 1997 90 2040 ⁶³·
104 1990 278 2094 ἀνθρώπῳ·
302 2006 428 2090 ἀνάγκη
447 2009 511 2092 γάρ
530 2007 636 2083 οὕτως
653 2004 708 2071 καὶ
728 2010 785 2089 ζήν
804 2013 991 2091 μοχθηρῶς.
1029 2007 1105 2072 οὐκ·

103 2108 158 2170 θῦν
183 2111 239 2176 καί
265 2113 323 2188 τάς
346 2110 524 2196 ἐπιθυμίας
550 2112 815 2196 ἀποπιμπλάναι,
844 2103 917 2176 οἷον
940 2122 1105 2176 πεινῶντα

99 2221 213 2296 θαγεῖν
246 2218 328 2283 ὅσον
360 2219 515 2301 βούλεται
541 2217 562 2302 ή
594 2219 742 2296 διψῶντα
773 2226 879 2299 πιεῖν,
910 2216 1106 2300 ὑγιαίνοντα

92 2304 156 2380 μὲν
181 2321 281 2390 ἐῶσιν
308 2325 344 2390 ολ
370 2322 477 2409 ίατρολ
507 2325 552 2400 ὡς
578 2326 619 2389 τά
645 2323 766 2407 πολλά,
798 2324 968 2408 κάμνοντα
996 2321 1033 2390 δὲ
1061 2326 1105 2402 ὡς
1119 2344 1145 2384 ιο

88 2409 172 2505 ἔπος
194 2431 300 2496 εἰπεῖν
322 2429 482 2495 οὐδέποτε
505 2429 605 2496 ἐῶσιν
624 2430 851 2515 ἐμπίπλασθαι
875 2425 922 2497 ὧν
941 2430 1104 2517 ἐπιθυμεῖ

84 2511 177 2598 ἀλλὰ
202 2536 268 2620 μήν
295 2533 352 2600 καὶ
378 2533 454 2621 περί
481 2537 593 2620 ψυχήν
619 2536 638 2602 ὁ
663 2536 763 2612 αὐτὸς
788 2539 923 2622 τρόπος·
955 2537 1017 2613 ἕως
1044 2535 1105 2620 μὲν

83 2613 133 2688 ἂν
169 2643 297 2726 πονηρά
329 2633 366 2728 ᾖ,
398 2641 538 2725 ἀνόητός
569 2664 605 2707 τε
636 2637 721 2707 οὖσα
752 2640 808 2706 καὶ
840 2643 1020 2718 ἀκόλαστος
1050 2640 1105 2706 καὶ

82 2723 207 2824 ὀἷῑῗικος
229 2746 284 2813 καί
307 2748 453 2831 ἀνόσως,
477 2754 601 2833 εἴργειν
625 2749 730 2831 αὐτήν
754 2749 808 2812 δεῖ
826 2758 893 2812 τῶν
917 2747 1104 2830 ἐπιθυμιῶν

84 2845 153 2912 καὶ
184 2855 226 2938 μή
259 2853 459 2936 ἐπιτρέπειν,
497 2851 568 2920 ἀλλ’
605 2854 689 2919 αύτά
725 2865 834 2918 ποιεῖν
866 2851 887 2916 ἃ
920 2851 962 2917 άν
998 2865 1105 2919 ποιῶν
1119 2872 1144 2914 νο

89 2941 232 3024 βελτίων
260 2963 360 3025 ἔσται.
408 2961 449 3025 ού
476 2961 540 3044 γάρ
568 2981 634 3025 που
664 2959 746 3044 αὐτή
775 2960 913 3044 άμεινον
940 2967 979 3043 τή
1007 2969 1105 3044 ψυχή.

44 3048 82 3094 ⁸³·
95 3053 219 3130 Οὐκοῦν
249 3068 287 3131 τὸ
321 3072 444 3150 είργειν
472 3063 562 3131 ἐστὶν
592 3063 650 3150 ἀφ’
683 3060 730 3131 ὧν
759 3066 917 3149 ἐπιθυμεῖ
946 3064 1105 3141 κολάζειν.

98 3157 141 3221 τὸ
160 3173 352 3251 κολάζεσθαι
375 3173 439 3257 άρα
461 3180 501 3256 τῇ
519 3179 609 3256 ψυχή
627 3172 765 3255 άμεινόν
787 3169 877 3235 ἐστιν
895 3168 916 3253 ή
935 3169 1105 3254 ἀκολασία,

104 3257 203 3360 ὥσπερ
230 3279 266 3344 ολ
294 3275 413 3343 πολλοὶ
441 3283 585 3361 οἴονται,
617 3273 672 3341 καὶ
700 3276 737 3340 τὸ
766 3279 905 3360 κόσμιον
932 3270 1019 3340 εἶναι
1051 3276 1106 3342 καλ

106 3369 305 3404 N.—

108 3498 119 3531 τ
137 3484 143 3502 ,
168 3437 198 3485 11
213 3431 282 3506 ἀντίη
292 3435 353 3488 PK:
364 3429 450 3504 ἀπείη
465 3437 475 3503 ss
490 3441 523 3522 Ιχ
538 3420 648 3522 ήνήήχὸ
658 3433 696 3503 τι]
709 3431 762 3487 sio:
777 3427 824 3486 ὅτε
836 3431 961 3522 θυμῆρες
974 3433 1031 3518 1136
1047 3429 1106 3487 ἐπι-

119 3503 207 3558 λέπειν
224 3503 287 3561 ἀλλ’
306 3501 379 3559 άτια
392 3511 487 3561 ποιεῖν
501 3525 518 3576 η
535 3524 578 3576 αφ
608 3524 648 3560 ων
665 3504 780 3578 βελτίων
792 3504 816 3559 Y
828 3504 893 3574 ήλῖ)
907 3503 962 3574 ουΧ
970 3504 1119 3558 mm&
