2400 3930
132 126 174 193 νς
545 126 735 182 ιεαειιοει

131 288 186 355 καλ
208 291 314 356 πολλά
336 289 492 374 πράττειν
515 298 600 355 νοῦν
629 290 672 374 μή
697 292 815 374 ἔχοντα
841 295 967 375 μᾶλλον
990 289 1011 372 6
1034 290 1087 355 ὀλί

19 456 22 462 .
133 397 194 481 οὐχ
213 393 307 480 ὁμὲν
322 396 443 462 ἐλάττω
458 397 612 482 πράττων
632 395 753 461 ἐλάττω
773 396 1000 482 ἐξαμαρτάνει,
1024 396 1087 461 ἐλάι

132 499 163 568 6²
195 503 429 590 ἐξαμαρτάνων
455 497 558 585 ήττον
583 501 625 567 άν
652 513 759 579 κακῶς
790 503 943 588 πράττοι,
975 497 1076 585 ήττον

130 620 237 687 κακῶς
255 610 409 695 πράττων
428 609 547 685 ἄθλιος
570 607 611 672 άν
630 603 730 691 ήττον
749 614 813 691 εἴης
839 620 1025 694 συγχωρεῖν
1046 609 1087 674 άν

104 728 226 781 εκαῖον
243 716 385 797 τούτοις,
406 712 461 779 καὶ
481 715 532 780 ὅτι
551 714 569 780 6
588 711 649 800 μὲν
667 716 707 779 τὰ
727 714 884 801 εἰρημένα
904 714 1016 798 ἀγαθά
1033 739 1087 780 ιιειι

131 819 229 904 μένος
252 823 333 887 άνευ
356 829 420 885 νοῦ
443 823 580 886 πλείονα
602 821 728 908 πράξει,
752 821 769 887 6
792 817 829 886 δέ
846 823 886 885 τά
905 821 1041 886 ἐναντία
1060 824 1087 906 ἐγ

132 928 184 1008 [τὰ
221 930 317 1010 κακά]
356 928 524 994 ἐλάττονα.
580 928 616 995 ἐν
648 931 817 1016 κεφαλαίῳ
855 929 919 1013 άρα
954 931 1087 993 ιιινὸυνε

43 1118 45 1120 ρ
130 1035 237 1100 πάντα
268 1034 289 1100 ἃ
321 1036 358 1101 τὸ
390 1045 525 1121 πρῶτον
557 1037 684 1120 ἐφαμεν
720 1034 833 1118 άγαθά
866 1027 967 1117 εἶναι,
1002 1035 1043 1100 οὔ
1070 1060 1087 1100 τι

129 1143 251 1208 τούτου
283 1142 396 1218 αὐτοῖς
428 1141 446 1207 6
479 1144 578 1224 λόγος
611 1136 711 1223 εἶναι,
750 1140 837 1218 ὅπως
870 1141 954 1206 αὐτά
988 1165 1027 1224 γε
1064 1166 1087 1206 τι

90 1269 116 1308 ιο
129 1249 213 1312 αὑτά
234 1245 383 1331 πέφυπεν
402 1245 513 1329 ἀγαθά
536 1241 633 1329 εἶναι,
657 1243 742 1330 ἀλλ’,
767 1247 811 1325 ὡς
834 1250 952 1330 ἔοικεν,
977 1242 1042 1312 ὧδε
1063 1250 1087 1332 ἐγ

22 1337 24 1342 ’
129 1352 187 1417 ἐάν
210 1348 271 1436 μέν
295 1352 406 1417 αὐτῶν
428 1352 547 1436 ήγήται
571 1351 713 1436 άμαθία,
740 1357 838 1438 μείζω
861 1355 944 1418 ααιιά
967 1348 1087 1419 εἷναιι

128 1457 306 1540 ἐναντίων,
340 1457 407 1544 ὅσφ
421 1547 423 1551 ¹
437 1458 648 1543 δυνατώτερα
680 1457 858 1544 ὑπηρετεῖν
889 1467 934 1547 τῷ
968 1459 1087 1545 ήγουμε

127 1565 216 1652 κακῷ
240 1566 327 1630 ὄντι·
351 1563 410 1629 ἐάν
433 1561 470 1628 δὲ
494 1567 658 1650 φρόνησις
680 1562 737 1628 καλ
759 1568 873 1649 σοφία,
897 1568 995 1650 μείζω
1019 1567 1087 1648 ιἰγαι

129 1670 212 1736 αὐτὰ
231 1670 268 1736 δὲ
285 1665 364 1736 καθ’
386 1670 469 1736 αὑτὰ
489 1669 648 1756 οὐδέτερα
667 1671 778 1760 αὐτῶν
797 1672 936 1749 οὐδενὸς
954 1672 1029 1752 άξια
1049 1668 1087 1738 εἷι

29 1843 36 1856 ⁸
90 1796 115 1838 ιε
130 1781 214 1862 μόνη
237 1780 355 1843 τοίνυν
377 1777 398 1860 6
422 1774 483 1862 μὲν
507 1781 611 1863 σοφία
634 1778 765 1861 ἀγαθόν
788 1777 890 1861 ἐστιν,
913 1779 934 1863 6
958 1775 996 1844 δὲ
1015 1779 1087 1864 άμαι

127 1883 239 1949 ιιαιιόν.
277 1882 389 1966 ἐπειδή
408 1887 526 1950 τοίνυν
547 1883 743 1969 εὐδαίμονες
761 1881 822 1969 μὲν
841 1878 927 1956 εἶναι
947 1892 1087 1971 προθυμ

127 1997 216 2076 μεῖνα
238 1991 368 2075 πάντες,
392 1991 566 2076 ἐφάνημεν
587 1988 624 2056 δὲ
646 1999 794 2056 τοιοῦτοι
811 1994 1006 2075 γιγνόμενοι
1029 1992 1087 2057 ἐκι

127 2102 276 2184 χρῆσθαί
294 2121 330 2163 τε
352 2109 422 2175 τοῖς
444 2099 613 2185 πράγμασι
626 2095 690 2179 Ιπαὶ
709 2096 822 2182 ὀρθῶς
839 2104 996 2183 χρῆσθαι,
1020 2100 1082 2182 τήν

128 2203 295 2287 ὀρθότητα
321 2201 378 2269 λιαλ
407 2204 563 2288 εὐτυχίαν
592 2204 752 2288 ἐπιστήμη
781 2201 871 2268 ἐστὶν
899 2203 1087 2289 ήπαρέχου

88 2331 114 2370 20
129 2311 181 2373 δεῖ
207 2311 264 2390 δή,
297 2308 342 2383 ὡς
369 2311 491 2390 ἔοικεν,
524 2308 560 2374 ἐκ
587 2311 710 2386 παντὸς
741 2313 867 2395 τρόπον
894 2311 1002 2376 πάντα
1034 2312 1087 2376 ἄνι’

127 2413 450 2497 παρασκευάζεσθαι,
467 2467 469 2470 ⁴
484 2413 572 2490 ὅπως
603 2415 647 2491 ὡς
680 2417 872 2499 σοφώτατος
899 2418 1003 2507 ἐσταιξ
1036 2421 1087 2501 μόι

106 2520 190 2603 γάρ
213 2528 312 2584 τοῦτο
336 2529 403 2583 τῶν
427 2521 534 2585 ὄντων
553 2519 735 2604 εὐδαίμονα
757 2520 812 2588 καὶ
836 2522 955 2606 εὐτυχῆ
976 2535 1087 2588 ποιεῖ1

127 2626 318 2711 ἄνθρωπον.
364 2625 547 2708 ἀναγκαῖον
575 2621 638 2691 οὖν
661 2632 862 2711 φιλοσοφεῖν
889 2639 958 2705 τοῖς
980 2632 1086 2712 βουλο

127 2756 199 2809 νοις
221 2727 260 2798 εὖ
282 2723 451 2817 πράττειν·
474 2732 495 2816 6
515 2728 552 2797 δὲ
572 2736 757 2818 φιλοσοφία
776 2734 883 2820 ὄρεξίς
901 2734 970 2800 ἐστι
989 2733 1044 2800 καὶ
1068 2760 1087 2801 ιι

88 2857 114 2898 νε
129 2853 180 2914 σις
203 2837 394 2922 ἐπιστήμης,
424 2838 485 2923 οὐχ
511 2839 583 2922 ήτις
609 2833 742 2923 κτητική
771 2843 877 2924 μόνον
903 2839 971 2906 ἐστὶ
994 2852 1062 2907 τῶν
1086 2883 1087 2895 1

126 2944 278 3009 κοάντων
301 2943 451 3028 ἀγαθῶν,
475 2943 552 3010 οὔθ’
575 2946 646 3029 ἥτις
663 2946 816 3029 ποιητική
837 2945 957 3028 αὐτῶν,
981 2963 1086 3031 χρηστ

127 3047 164 3116 66
183 3050 232 3117 οὔ.
264 3046 505 3146 τοιαύτηςοῦν
524 3052 578 3116 δεῖ
594 3051 782 3136 ἐπιστήμης,
807 3052 843 3117 ἐν
862 3043 883 3138 6
903 3052 1087 3137 συμπίπτοι

126 3313 153 3366 N
208 3251 301 3366 k2sqq.
322 3243 356 3299 ολ
371 3242 453 3313 Trag.
468 3243 562 3312 adesp.
577 3243 682 3329 ῖεέῖῖῖ,
702 3245 731 3298 et
745 3261 814 3311 quos
829 3243 935 3300 ibidem
948 3245 1025 3299 locos
1041 3247 1087 3299 att·

155 3331 206 3368 auc
229 3357 235 3369 .
969 3357 977 3374 .

217 3497 232 3546 7
251 3487 287 3544 τά
304 3489 380 3546 κακά
399 3489 561 3566 (161εεί1126
581 3487 666 3563 οὔθ’]
683 3491 748 3546 fort.
767 3486 842 3545 οὐδ’.
