2400 3930
396 154 671 211 PROTREPTICUS
691 158 796 228 (ενι).
1061 157 1105 223 39

47 311 173 383 ιεῖναι
201 320 371 405 φρόνησιν
397 315 419 402 ή
446 327 514 382 τῶν
540 316 698 403 ὑστέρων.
746 319 786 384 οὐ
815 320 878 404 γάρ
907 329 1009 385 ταῦτα
1038 331 1105 386 τῶν

92 422 199 510 ἄκρων
227 419 305 490 οὐδ’
339 423 374 490 ἐκ
400 424 530 489 τούτων
559 425 599 488 τά
626 434 739 510 πρῶτα
771 424 934 509 πέφυκεν,
968 425 1038 493 ἀλλ’
1072 427 1105 507 ἐξ

99 527 225 596 ἐκείνων
248 527 305 596 καλ
328 527 373 595 δι’
399 529 538 596 ἐκείνων
560 525 663 595 τάλλα
693 533 842 614 γίγνεται
868 530 923 597 καλ
949 536 1030 598 συνί
1028 550 1105 598 στα-

42 638 48 663 ’·
101 658 144 701 ται
166 646 328 722 φανερῶς
369 641 434 701 εἴτε
451 637 515 719 γὰρ
534 645 601 722 πῦρ
626 631 684 702 εἶτ’
705 637 768 724 ἀήρ
790 645 854 704 είτε
879 639 1021 725 ἀριθμὸς
1041 646 1105 705 είτε

49 726 57 773 ¹¹
107 741 184 807 ἀλλαι
206 740 295 820 τινες
316 741 434 826 φύσεις
452 768 472 808 α
475 745 554 808 ίτίαι
572 742 628 808 καὶ
645 756 772 829 πρῶται
790 756 858 810 τῶν
876 747 998 830 ἀλλων,
1022 746 1102 812 ἀδύ-
1116 762 1128 803 5

42 871 58 920 ,ῑ
109 871 191 914 νατον
218 860 287 915 τῶν
314 849 425 915 ἀλλων
451 872 484 914 τι
506 851 706 933 γιγνώσκειν
732 851 860 930 ἐκείνας
882 852 1105 936 ἀγνοοῦντας·

111 964 162 1031 τῶς
179 957 242 1039 γὰρ
265 956 309 1021 ἀν
335 979 385 1032 τις
412 955 433 1039 ή
461 958 563 1039 λόγον
585 961 743 1041 γνωρίζοι
771 960 937 1042 συλλαβὰς
960 958 1104 1042 ἀγνοῶν,

46 1137 52 1148 ³
112 1055 253 1140 ήιαύτας
275 1061 442 1127 ἐπίσταιτο
466 1058 572 1146 μηδὲν
595 1073 663 1127 τῶν
686 1066 859 1147 στοιχείων
882 1065 993 1141 είδώς;

55 1218 59 1225 -
172 1167 239 1234 Ὅτι
266 1164 328 1253 μὲν
356 1162 419 1234 οὖν
446 1177 504 1252 τῆς
532 1167 692 1253 ἀληθείας
721 1168 776 1235 καὶ
803 1178 862 1253 τῆς
889 1169 965 1256 περὶ
992 1173 1104 1255 ψυχήν

54 1295 60 1319 ³
115 1269 207 1360 ἀρετῆς
228 1275 319 1341 ἐστιν
338 1274 499 1359 ἐπιστήμη
522 1272 576 1340 καλ
600 1277 686 1341 διότι
706 1275 845 1342 δυνατοὶ
868 1281 983 1362 λαβεῖν
1003 1277 1104 1354 αύτάς
1119 1294 1144 1333 1⁰

42 1448 58 1469 ‚-
116 1374 199 1464 ἐσμεν,
214 1391 318 1446 ταῦτα
332 1381 412 1465 ἡμῖν
427 1383 575 1466 είρήσθω
590 1379 667 1467 περὶ
681 1382 807 1447 αὐτῶν·
826 1383 876 1449 ὅτι
897 1380 934 1449 δέ
948 1382 1104 1468 μέγιστόν

116 1479 165 1549 ἐστι
176 1497 240 1553 τῶν
254 1487 394 1571 ἀγαθῶν
408 1484 463 1552 καλ
477 1488 612 1553 πόντων
627 1487 885 1573 ὠφελιμώτατον
900 1502 967 1555 τῶν
982 1491 1103 1572 ἀλλων,

50 1607 59 1665 ·,
117 1584 141 1651 ἐκ
156 1595 254 1659 τῶνδε
278 1595 391 1676 δῆλον.
426 1592 546 1669 πάντες
564 1593 627 1678 γάρ
652 1593 882 1678 ὁμολογοῦμεν
901 1595 951 1660 ὅτι
974 1596 1027 1659 δεῖ
1042 1591 1104 1679 μὲν

42 1713 51 1724 ·
116 1692 158 1759 τὸν
168 1701 428 1766 σπουδαιότατον
443 1700 557 1785 ἀρχειν
571 1697 627 1764 καὶ
645 1701 705 1765 τὸν
718 1701 780 1783 τήν
794 1702 900 1785 φύσιν
915 1701 1102 1787 κράτιστον,

54 1858 57 1877 .
115 1799 158 1866 τὸν
177 1804 211 1872 δὲ
233 1804 341 1891 νόμον
363 1807 507 1890 ἀρχοντα
530 1803 586 1870 καὶ
609 1807 728 1892 κύριον
751 1801 838 1870 εἶναι
861 1809 979 1890 μόνον·
1004 1801 1102 1884 οὗτος
1117 1827 1142 1863 ιι

88 1911 106 1954 ¹·
116 1901 142 1968 ἐέ
160 1915 317 1999 φρόνησίς
338 1934 388 1988 τις
409 1909 466 1977 καὶ
488 1913 587 1994 λόγος
609 1911 673 1976 ἀπὸ
697 1913 892 1996 φρονήσεώς
916 1912 1014 1977 ἐστιν.
1056 1914 1103 1976 ἔτι

45 2098 48 2107 Β
113 2005 140 2073 ἐέ
157 2022 199 2096 τίς
220 2018 302 2105 ήμῖν
325 2018 437 2085 κανὼν
460 2018 480 2102 ή
503 2021 553 2094 τίς
576 2019 654 2104 ὅρος
677 2017 908 2103 ἀκριβέστερος
934 2029 1002 2082 τῶν
1024 2018 1102 2102 ἀγα-

111 2117 170 2186 θῶν
188 2127 275 2210 πλήν
299 2126 316 2192 6
340 2128 520 2212 φρόνιμος;
545 2126 607 2190 ὅσα
630 2126 693 2210 γάρ
717 2123 759 2188 ἀν
778 2117 876 2200 οὗτος
894 2122 1002 2188 ἕλοιτο
1021 2127 1102 2190 κατά

44 2256 52 2315 J
110 2221 157 2304 'iv
184 2233 366 2317 ἐπιστήμην
398 2232 612 2317 αἱρούμενος,
644 2227 736 2296 ταῦτ’
768 2226 859 2295 ἐστὶν
889 2228 1015 2312 ἀγαθοί,
1048 2230 1103 2296 καλ

49 2386 51 2408 ;
109 2337 176 2401 κᾱκά
196 2335 233 2404 δέ
255 2340 296 2403 τά
315 2337 451 2403 ἐναντία
468 2338 608 2414 τούτοις.
646 2334 716 2401 ἐπεὶ
735 2333 772 2401 δὲ
790 2338 910 2414 πάντες
928 2337 1101 2423 αίρούνται
1116 2356 1143 2395 2⁰

42 2453 50 2506 1
108 2438 230 2511 μάλιστα
253 2446 293 2511 τά
311 2446 394 2510 κατά
411 2446 469 2522 τάς
488 2447 611 2520 οίκείας
629 2442 712 2521 ἕξεις
735 2441 786 2529 (τὸ
805 2440 866 2528 μὲν
885 2445 948 2529 γάρ
968 2446 1104 2523 δικαίως

42 2537 181 2626 ’Μέἥνδ
196 2553 334 2634 δίκαιος,
357 2552 395 2616 τὸ
415 2546 452 2615 δὲ
471 2551 553 2615 κατά
570 2550 631 2633 τήν
650 2549 808 2635 ἀνδρείαν
829 2550 847 2616 6
866 2552 928 2633 τήν
943 2551 1102 2637 ἀνδρείαν

106 2645 184 2741 ἔχων,
208 2657 226 2723 6
251 2653 288 2722 δέ
312 2656 459 2742 σώφρων
480 2657 518 2721 τὸ
539 2665 730 2741 σωφρονεῖν
753 2655 899 2741 ὁμοίως),
925 2657 1029 2738 δῆλον
1052 2657 1103 2721 ὅτι

105 2757 146 2825 καλ
166 2765 201 2828 τὸ
222 2773 365 2848 φρονεῖν
384 2761 402 2827 6
421 2764 586 2846 φρόνιμος
604 2762 774 2844 αίρήσεται
792 2761 927 2825 πόντων
946 2761 1102 2844 μάλιστα·

42 2860 44 2871 '
103 2877 184 2934 τοῦτο
208 2871 273 2956 γὰρ
296 2872 397 2955 ἔργον
414 2869 535 2952 ταύτης
553 2876 610 2951 τῆς
629 2867 810 2951 δυνάμεως.
849 2867 931 2930 ὥστε
951 2871 1101 2953 φανερὸν
1115 2884 1141 2925 2⁵

102 2969 140 3040 δτι
165 2977 248 3042 κατά
270 2976 333 3059 τήν
360 2975 568 3061 κυριωτάτην
596 2977 708 3060 κρίσιν
735 2973 912 3059 κράτιστόν
939 2973 1008 3038 ἐστι
1035 2985 1102 3039 τῶν

175 3247 192 3295 2
211 3235 305 3308 ἀρχῶν
325 3237 395 3293 coni
410 3236 448 3292 K.
467 3237 532 3291 fori.
551 3235 669 3305 πρῶτων
683 3236 722 3324 113
742 3236 791 3290 καλ
808 3231 897 3290 τάλλα
914 3237 944 3289 et
959 3231 1024 3289 11
1007 3254 1051 3289 οτι
1069 3232 1101 3290 δέ

91 3312 134 3366 καλ
151 3311 225 3365 liber
243 3309 290 3378 111,
309 3308 359 3363 ubi
377 3311 434 3364 εἴτε
453 3306 560 3377 γάρ-
579 3306 645 3393 περὶ
663 3303 759 3362 αὐτῶν
778 3311 815 3374 (4
831 3309 876 3391 11)
896 3308 1030 3394 01111120
1054 3302 1102 3361 τά

87 3385 187 3439 ναντία
206 3382 255 3436 lib.
270 3380 318 3448 III,
337 3380 386 3434 ubi
403 3379 453 3434 καλ
456 3382 549 3467 (anie
569 3375 644 3433 κακά
626 3382 706 3433 aei
723 3375 795 3432 κατὰ
814 3373 866 3466 τήν
886 3371 1040 3447 ἐπιστήμην
1059 3375 1102 3432 αλ-

85 3453 223 3580 ρούμενος
242 3423 344 3507 denuit
357 3453 366 3522 ΙΙ
380 3457 413 3505 21
433 3448 468 3506 τά
484 3467 538 3508 om
553 3450 727 3519 11111123
747 3450 812 3503 ane
831 3447 935 3518 ὁμοίως
953 3449 1103 3518 distinguit
