2400 3930
104 121 145 184 12
514 123 705 179 IAMBLICHI

186 282 233 347 Ἡ
247 280 285 349 δὲ
303 285 384 369 μετά
401 286 526 369 ταύτην
540 287 655 371 γνώμη
675 287 723 363 είς
737 287 961 371 φυσιολογίαν
979 275 1153 349 ποιείτθι

102 391 163 473 τήν
177 390 385 475 παράκλησιν
406 389 462 457 καί
480 401 592 457 πᾶσαν
610 393 672 476 τήν
690 390 767 479 περὶ
788 393 848 457 τὸν
868 391 1016 477 οὐρανὸν
1032 393 1152 454 ccv·

103 500 189 581 ρίαν.
234 497 255 581 ή
281 499 344 582 γάρ
367 499 489 563 τούτου
513 500 614 582 φύσις
637 498 692 564 ἀεί
712 499 803 565 ἐστιν
826 498 926 583 ὁμοία
952 498 1033 562 κατὰ
1055 498 1153 581 τίγΨ

103 604 209 688 αὐτήν
226 606 414 689 περιφοράν
434 606 591 682 ὡσαύτως
609 613 781 689 περιοῦσα,
804 604 848 688 ἣν
871 604 930 670 ἐάν
952 626 1003 681 τις
1024 617 1153 669 πατρί’

76 732 90 772 ι
103 711 207 796 μάθῃ,
232 707 302 773 οὔτ’
329 708 371 773 άν
394 709 626 795 άπροσδόκήτά
649 732 728 776 ποτε
751 712 1025 795 προσδοκήσειεν,
1048 686 1151 775 ouc'

104 815 146 880 ἂν
175 812 352 900 άγνοήσειέ
382 839 413 880 τι
441 827 508 881 τῶν
536 813 607 881 κατ’
634 816 783 900 ἀνάγκήν
811 815 899 905 αὐτῷ
928 819 1188 900 μελλόντων8

104 925 310 1008 συμβαίνειν.

193 1031 242 1094 Ac
268 1028 305 1095 δὲ
332 1027 386 1094 ἐπὶ
408 1031 539 1108 τούτοις
566 1041 695 1114 γνῶμαι
718 1030 782 1095 ἀπὸ
804 1039 863 1113 τής
889 1037 1157 1116 προαιρετικής
1196 1026 1198 1079 ἶ

104 1135 141 1201 ἐν
164 1137 245 1219 ἡμῖν
270 1139 352 1219 ζωῆς
374 1145 550 1201 ποιοῦνται
573 1138 634 1220 τήν
656 1137 879 1223 παράκλησιν,
904 1128 980 1202 οἷον
1196 1134 1198 1147 '

63 1282 90 1320 10
149 1259 262 1343 γνώσῃ
287 1253 318 1322 δ’
345 1258 548 1345 ἀνθρώπους
571 1258 754 1344 αὐθαίρετα
777 1258 899 1346 πήματ’
927 1262 1064 1345 ἔχοντας

149 1366 323 1448 τλήμονας.

105 1492 137 1554 εί
162 1491 224 1573 γάρ
253 1486 351 1573 ἀρχαὶ
383 1498 450 1554 τῶν
477 1488 629 1573 πράξεών
658 1490 744 1554 είσιν
776 1491 812 1556 οί
840 1491 1033 1577 άνθρωποι,
1064 1480 1198 1555 mim

106 1596 251 1680 δύναμιν
279 1597 415 1680 ἔχουσιν
443 1594 476 1673 ἐξ
505 1594 633 1660 ἑαυτῶν
663 1597 790 1661 οἰκείαν
818 1599 866 1674 είς
897 1598 1029 1683 αἵρεσιν
1054 1605 1154 1661 τῶν

105 1700 246 1784 ἀγαθῶν
268 1700 324 1767 καὶ
348 1702 462 1786 φυγήν
484 1713 552 1767 τῶν
574 1713 697 1785 κακῶν,
722 1703 740 1768 δ
763 1704 807 1789 μή
831 1703 1002 1789 χρώμενος
1018 1703 1152 1781 ταύτῃ

65 1829 91 1869 15
105 1817 144 1894 τή
174 1809 315 1893 δυνάμει
342 1819 409 1875 τῶν
442 1809 616 1876 δοθέντων
648 1809 684 1875 ἐκ
715 1811 848 1894 φάσεως
884 1809 974 1899 αὐτῷ
1005 1815 1153 1876 πλεοψ

105 1916 295 2000 εκτήμάτοον
327 1914 418 1982 ἐστὶν
449 1917 592 1996 ἀνάξιος.
639 1913 739 1982 οὐδέν
772 1912 834 1982 οὖν
867 1918 948 1983 ἄλλο
981 1917 1069 2001 λέγει
1107 1903 1151 1985 ’ἦ

104 2033 214 2107 τοῦτο,
237 2024 288 2089 ὅτι
305 2023 399 2109 ἡμεῖς
417 2025 476 2090 τὸν
496 2026 640 2110 δαίμονα
659 2024 858 2107 αίρούμεθα,
881 2021 937 2088 καὶ
954 2023 1008 2088 ὅτι
1026 2005 1152 2089 αὐτοἶ

106 2129 235 2206 εαυτοῖς
263 2131 362 2215 ε’σμεν
390 2130 427 2195 έν
457 2131 558 2214 τύχης
584 2129 673 2207 τάξει
700 2128 756 2194 καί
784 2131 958 2213 δαίμονος,
987 2126 1045 2195 καί
1070 2128 1153 2194 δή

106 2236 307 2319 εὐδαίμονας
342 2232 486 2299 αὐτοὶ“
470 2238 609 2311 εαυτοὺς
648 2236 951 2322 παρασκευάζομεν·
990 2235 1009 2302 δ
1040 2235 1154 2347 πρδὲ

63 2361 93 2400 2⁰
107 2343 213 2425 μόνον
235 2342 273 2405 τὸ
301 2341 404 2404 καλὸν
427 2338 605 2426 προτρέπει
631 2340 687 2406 καὶ
717 2342 778 2425 τήν
801 2342 923 2408 τούτου
950 2343 1051 2428 τιμήν
1073 2318 1150 2407 δι’

107 2446 248 2513 ἑαυτδα
228 2447 363 2531 αἱρετήν
387 2445 601 2511 ἐπιδείκνυσι.

196 2553 419 2638 Παραπλήσια
442 2549 480 2618 δὲ
501 2554 608 2641 τούτῳ
632 2551 687 2618 καὶ
709 2554 751 2618 τά
772 2554 909 2619 τοιαῦτά
932 2554 1038 2621 ἐστιν·

106 2681 320 2689 ——-—-

196 2752 229 2800 10
240 2763 280 2815 sq.
296 2746 385 2800 Ουτοι.
401 2743 466 2800 Aur.
479 2764 523 2801 vv.
536 2750 571 2800 54
579 2763 620 2815 sq.

196 2922 386 2988 4περιιοῦοα
409 2921 447 2974 A·
475 2941 642 2992 περιιουσαν
670 2923 715 2990 (cf.
739 2922 813 2977 Plau.
837 2924 995 2994 Theaet.p
998 2931 1075 2980 153
1089 2911 1155 2982 G)

106 2992 345 3047 Hemstcrhusius:
365 2993 411 3048 vel
424 2992 478 3047 hoc
491 2995 536 3048 vel
551 2992 642 3066 (καὶ)
656 2991 729 3049 κατὰ
743 2943 1155 3064 scripseritK.seprvundu111

107 3066 172 3119 duxi
192 3065 243 3118 utt
222 3069 307 3118 t1cam
328 3063 406 3118 verbi
424 3062 565 3131 περιίὲναι
584 3063 717 3118 formum:
737 3065 771 3119 cf.
789 3065 907 3120 Voemcl
920 3068 961 3120 ud
976 3066 1147 3123 Demostlv

107 3135 146 3189 IV
163 3142 196 3189 10
216 3137 313 3204 (Thuc
329 3140 354 3203 1,
369 3140 412 3202 30,
427 3142 451 3189 3.
476 3135 545 3189 Xon.
564 3135 638 3190 Hell.
657 3141 685 3203 3,
700 3142 716 3189 2
719 3137 796 3204 2,5),
815 3135 952 3206 Epicurus
971 3155 1017 3208 up.
1040 3139 1073 3194 D.
1092 3135 1149 3191 11

107 3205 133 3259 X
149 3211 201 3259 114
214 3207 340 3274 (Usener
360 3207 471 3275 Epicur
486 3224 514 3274 p.
528 3211 562 3259 53
565 3209 676 3276 ,11),
661 3205 875 3261 etcomicorum
892 3207 948 3262 lcc1
962 3226 1033 3277 quos
1048 3219 1150 3297 com}

107 3277 214 3365 posuit
220 3275 342 3331 Iucobi'
334 3295 363 3330 m
381 3276 476 3330 Indice
494 3277 560 3333 dioc.
581 3293 652 3334 com.
710 3283 762 3332 832
782 3295 803 3334 ε.
817 3297 843 3333 τ.
851 3281 1039 3364 περίειμιήὸ
1060 3257 1145 3335 ουτ’

107 3369 143 3402 αν
162 3346 265 3426 (priore
284 3348 358 3417 loco)
377 3346 414 3401 A
439 3366 473 3401 ου
496 3345 532 3402 τὰ
555 3350 569 3436 ΙΙ
588 3353 622 3403 10
645 3295 694 3405 Af
702 3351 711 3419 [Ι
733 3353 766 3402 21
792 3344 862 3404 αοτδ
880 3349 1142 3406 Hcmuterhusiuuss

108 3420 217 3474 ‘auctor
239 3434 270 3470 1n
293 3420 386 3473 animo
409 3417 509 3473 habuit
519 3417 622 3503 μόνον
645 3415 676 3474 τδ
700 3415 788 3474 καλὸν
811 3419 861 3475 καὶ
880 3415 956 3475 δι’“
941 3420 1027 3477 εαντδ
1046 3419 1142 3492 αίρε’

106 3487 156 3545 τόν
160 3487 285 3558 ’alius
251 3485 368 3559 αρετὴν
387 3490 424 3543 A.
443 3484 556 3559 άρετὴν.
