2400 3930
369 149 643 207 ειιονεεεεεοσε
662 151 697 220 (ι.
711 149 782 219 xx).
1039 151 1082 217 97

66 316 306 401 ὀλιγοχρονίοις
324 311 377 380 ἐπὶ
399 311 493 391 τέλος
515 312 664 397 ἀγαγεῖν,
689 311 772 378 άλλδι
794 315 1030 398 συντραφῆυαί
1048 336 1083 380 τε

66 421 151 508 αὐτῇ
176 418 301 487 δεῖκαὶ
319 418 574 504 συναυξηθηναι
591 428 659 484 τῶν
678 415 740 503 μὲν
759 420 955 504 εἰργόμενον
972 430 1084 486 κακῶν

66 527 122 594 καὶ
144 529 258 612 λόγων
279 523 335 592 καὶ
356 525 469 610 ηθῶυ,
498 526 539 591 τά
567 522 597 590 δ’
626 524 864 609 ἐπιτηδεύοντα
890 523 947 591 καί
970 548 1084 611 κατερ-

67 636 253 719 γαζόμενον
284 633 348 699 σὺν
374 637 488 719 πολλῷ
515 626 627 720 χρόνφ
649 629 705 696 καί
729 630 904 718 ἐπιμελείᾳ.
951 631 1019 716 ἀμα
1048 630 1088 698 δέ

71 761 118 818 τις
148 737 205 805 καὶ
237 748 278 826 τῇ
308 738 343 818 ἐξ
375 738 493 823 ὀλίγου
523 739 651 824 χρόνον
683 737 818 824 εὐδοξίᾳ
849 742 1112 824 προσγίγνεταιε

75 846 175 929 βλάβη
207 845 336 911 τοιάδε·
371 847 450 923 τοὺς
481 844 545 929 γάρ
583 842 781 921 ἐξαπιναίως
815 842 871 908 καὶ
903 843 936 923 ἐξ
969 845 1086 929 ὀλίγου

76 955 194 1037 χρόνον
216 951 238 1036 ἢ
260 955 443 1029 πλουσίους
464 951 485 1036 ἢ
509 952 638 1035 σοφούς
655 948 676 1034 ἣ
696 949 847 1034 ἀγαθοὺς
865 948 886 1033 δ
910 949 1086 1035 ἀνδρείους

77 1056 273 1142 γενομένους
300 1058 362 1124 οὐκ
388 1056 611 1143 ἀποδέχονται
632 1055 741 1140 ἡδέως
769 1057 805 1122 οὐ
829 1057 1015 1142 ἄνθρωποι.
1057 1060 1089 1124 εί

80 1163 113 1247 δὴ
135 1173 240 1229 ταῦτα
262 1163 373 1249 ἀληθῆ
397 1163 552 1249 λέγομεν,
575 1160 631 1228 καὶ
654 1163 716 1247 οὐχ
740 1154 814 1228 οἷόν
836 1185 872 1228 τε
894 1164 1003 1241 άλλως
1024 1165 1087 1247 την

66 1267 251 1354 .δμοιότητα
275 1280 342 1335 τόν
359 1269 456 1354 ηθῶυ
478 1267 589 1335 καὶτὸ
613 1267 751 1353 βέβαιον
769 1267 824 1335 καί
842 1272 880 1336 τὸ
899 1269 1087 1356 άμετάπτοι-
1101 1292 1127 1331 ιο

82 1398 132 1442 του
151 1377 420 1461 παραγίγνεσθαι
437 1375 459 1460 ἢ
479 1377 535 1441 διά
553 1378 658 1460 μόνης
677 1381 891 1463 φιλοσοφίας,
914 1376 1087 1445 καὶτοῦτο

84 1479 177 1567 σαφὲς
199 1479 339 1566 γέγονεν
361 1482 398 1549 ἐκ
424 1483 569 1565 τούτων,
592 1482 648 1566 όες,
672 1483 704 1548 εί
725 1472 933 1569 βουλοίμεθα
956 1487 1088 1561 τελείως

84 1587 197 1672 ἀγαθοὶ
226 1587 387 1673 γενέσθαι
413 1588 561 1666 εὐκλείας
590 1610 627 1654 τε
652 1587 708 1654 καὶ
736 1590 953 1675 εὐδαιμονίας
984 1590 1088 1666 όυτυς

86 1698 281 1778 μεταλαβεῖν,
299 1695 362 1760 οὐκ
379 1695 462 1760 ἀλλο
477 1717 510 1760 τι
523 1691 688 1780 πρακτέον
701 1694 781 1780 ημῖν
795 1695 816 1780 ἢ
831 1695 1088 1780 φιλοσοφητέον.

153 1800 227 1867 Ἔτι
257 1802 377 1867 τοίνυν
404 1798 461 1867 καί
491 1800 552 1884 ἥδε
578 1800 600 1885 η
628 1806 824 1887 παραίνεσις
852 1799 905 1867 ἐπὶ
935 1803 973 1867 τὸ
1007 1802 1088 1867 αὐτὸ
1104 1821 1129 1862 15

89 1903 168 1985 τέλος
190 1904 296 1993 φέρει,
320 1907 375 1991 ὡς,
399 1907 480 1972 όταν
501 1929 552 1984 τις
570 1906 723 1992 ὀρεχθείς
739 1929 833 1984 τινος
852 1917 951 1974 τοῦτο
975 1931 1089 1990 κατερ-

91 2014 262 2098 γασάμενος
293 2016 349 2099 ἔχη
383 2013 464 2079 αὐτὸ
496 2014 544 2090 είς
574 2011 683 2096 τέλος,
720 2013 779 2080 ἐάν
814 2037 850 2079 τε
883 2013 1090 2097 εὐγλοοσσίαν

94 2113 138 2182 ἐάν
166 2143 201 2186 τε
228 2121 353 2204 σοφίαν
381 2118 440 2186 ἐάν
469 2141 504 2184 τε
537 2120 649 2204 ίσχύν,
681 2120 788 2208 τούτῳ
819 2120 866 2196 είς
893 2119 1007 2203 ἀγαθά
1035 2119 1090 2185 καὶ

94 2225 199 2310 νόμιμα
221 2231 452 2312 καταχρῆσθαι
474 2225 540 2290 δεῖ·
569 2227 600 2291 εί
617 2223 654 2292 δὲ
678 2226 725 2302 είς
742 2225 841 2291 άδικά
859 2249 894 2291 τε
912 2223 969 2291 καί
981 2227 1090 2313 άνομα

97 2334 234 2414 χρήσεταί
257 2355 307 2410 τις
333 2340 379 2420 τῷ
405 2331 588 2417 ὑπάρχοντι
610 2330 746 2420 ἀγαθῷ,
772 2332 908 2398 πάντων
934 2333 1091 2400 κάκιστον
1105 2354 1132 2395 νο

97 2427 166 2504 εἶναι
190 2441 228 2505 τὸ
251 2448 406 2506 τοιοῦτον
428 2436 484 2503 καὶ
511 2437 644 2505 ἀπεῖναι
670 2449 826 2524 κρεῖσσον
854 2439 934 2507 αὐτὸ
961 2440 983 2525 ἢ
1009 2462 1092 2528 παρ-

66 2544 177 2610 metm·
208 2543 264 2612 καὶ
294 2546 405 2630 ὥσπερ
437 2543 565 2626 ἀγαθὸς
595 2543 714 2623 τελέως
741 2545 759 2611 ὁ
786 2548 916 2613 τούτων
944 2570 976 2612 τι
1007 2550 1092 2631 ἔχων

98 2648 225 2728 γίγνεται
258 2653 305 2730 είς
336 2652 377 2717 τά
413 2650 526 2736 ἀγαθά
557 2651 671 2728 αὐτοῖς
701 2653 967 2737 καταχρώμενος,
1005 2653 1091 2718 οὐτυ

101 2752 182 2822 πάλιν
211 2759 379 2842 πάγκακος
409 2756 528 2834 τελέως
556 2742 574 2822 ὅ
605 2759 653 2835 είς
682 2759 723 2823 τδι
753 2759 884 2842 πονηρά
915 2757 1093 2842 χριόμενος.

101 2858 145 2922 τόν
163 2888 196 2931 τε
218 2859 261 2932 αὐ
284 2864 401 2950 ἀρετῆς
428 2862 630 2948 ὀρεγόμενον
644 2873 710 2947 τῆς
737 2864 911 2948 συμπάσης
932 2864 1091 2932 σκεπτέον
1106 2882 1131 2923 2⁵

104 2953 179 3054 δῖναι,
198 2970 233 3037 ἐκ
251 2974 343 3048 τίνος
361 2969 403 3035 ἀν
417 2972 520 3054 λόγου
538 2969 559 3053 ἢ
575 2972 676 3056 ἔργον
694 2971 828 3055 ἀριστος
851 2975 916 3054 είη·
943 2981 1093 3049 τοιοῦτος

104 3061 126 3123 θ’
147 3069 256 3160 ἀνείη
281 3075 299 3141 ὁ
321 3077 487 3152 πλείστοις
511 3073 677 3160 ὠφέλιμος
700 3077 757 3141 ἰόν.
804 3077 835 3141 εί
860 3073 921 3161 μέν
943 3100 993 3153 τις
1015 3082 1093 3162 χρη-

104 3189 170 3247 ματα
200 3184 315 3258 διδοὺς
347 3181 553 3267 εὐεργετήσει
584 3185 663 3258 τοὺς
692 3184 849 3264 πλησίον,
882 3181 1093 3267 ἀναγκασθη-

105 3287 177 3350 σἔται
204 3291 303 3365 κακὸς
334 3282 420 3353 εἶναι
450 3288 551 3353 πάλιν
584 3282 627 3352 αὐ
659 3286 830 3372 συλλέγῶν
861 3290 902 3353 τὰ
932 3292 1094 3374 χρήματα·

105 3408 294 3440 N.-

174 3519 205 3568 28
221 3501 389 3585 εὐεργετῆἸ]
401 3522 436 3572 29
455 3511 543 3572 εἶναι·
565 3511 653 3574 πάλιν
674 3507 723 3576 αὐ.

130 3599 257 3652 [dumont
267 3613 406 3661 Ρεοστιετ.
952 3609 971 3656 'l
