2400 3930
133 158 176 224 82
541 156 734 213 IAMBLICRI

132 331 204 405 φῶς
234 318 291 385 καὶ
322 321 381 385 τὸν
413 320 535 386 τούτου
566 321 685 404 κύριον
716 328 873 404 τεκοῦσα,
905 323 944 386 ἕν
973 345 1011 386 τε
1041 345 1136 410 νοητη

133 425 215 510 αὐτῆ
234 430 335 514 κυρία
353 426 517 509 ἀληθειαν
534 423 591 491 καὶ
607 435 692 492 νοῦν
710 426 931 512 παρεχομένη,
952 427 1010 493 καὶ
1030 429 1083 494 ὅτι
1103 431 1136 495 δε

131 532 256 617 ταύτην
285 534 371 599 ίδεῖν
396 534 457 598 τὸν
485 530 647 616 μέλλοντα
670 531 846 616 ἐμφρόνως
873 533 1013 617 πράξειν
1037 534 1058 618 ἢ
1083 538 1136 601 ίδί

131 637 152 722 ἢ
177 640 330 726 δημοσίᾳ.
372 641 403 704 εί
424 639 465 723 δῆ
489 647 588 704 τοῦτο
611 641 712 723 ἔργον
735 634 804 703 ἐστὶ
826 647 884 722 τῆς
906 641 1071 724 παιδείας,
1099 667 1136 707 κο

105 753 294 810 ετοσοῦτον
316 747 485 829 πρόκειται
508 746 546 809 τὸ
566 744 733 828 διάφορον
752 743 853 827 αὐτῆς
873 745 956 828 πρὸς
971 747 1038 829 τῆν
1058 746 1136 813 άπαι

133 852 286 933 δευσίαν,
309 853 345 916 τί
364 849 406 915 ἀν
430 851 510 916 ἀλλο
534 849 671 936 ἁρμόζοι
692 849 713 934 ἢ
737 850 888 927 παιδείας
911 849 1136 936 ἀντιλαμβάνε

133 963 216 1022 σθαι
246 955 302 1022 καὶ
331 960 547 1042 φιλοσοφίας,
580 967 648 1021 τῶν
676 952 714 1020 δὲ
744 964 809 1020 νῦν
837 957 1033 1023 δοκούντων
1064 955 1136 1025 εἷνο

131 1066 429 1149 περισπουδάστων
458 1074 528 1141 τοῖς
556 1068 691 1139 πολλοῖς
720 1061 882 1146 ἀφίεσθαι
912 1063 956 1140 ὡς
987 1064 1136 1150 οὐδεμία

132 1168 277 1252 ἐχόντων
300 1172 347 1246 είς
370 1170 590 1253 εὐδαιμονίαν
612 1167 721 1252 ῥοπὴν
745 1167 934 1250 ἀξιόλογονς

92 1295 119 1334 10
221 1274 307 1340 XVI.
330 1273 403 1338 Ἔτι
416 1277 544 1357 τοίνυν,
564 1276 596 1339 εί
607 1283 711 1339 ταῦτα
725 1273 848 1357 ἀληθῆ,
868 1275 921 1339 δεῖ
936 1283 1061 1358 νοῆσαι
1077 1301 1136 1361 περ

132 1377 243 1444 αὐτῶν
266 1380 398 1444 τοιόνδε
419 1402 466 1463 τι,
493 1380 555 1462 τῆν
577 1379 733 1444 παιδείαν
757 1381 818 1465 οὐχ
842 1371 917 1445 οἷόν
938 1402 1030 1458 τινες
1052 1382 1136 1466 ἐπαγ

132 1487 329 1569 γελλόμενοί
349 1500 455 1569 φασιν
478 1480 574 1568 εἶναι,
601 1486 761 1569 τοιαύτην
784 1485 839 1551 καλ
862 1481 957 1551 εἶναι.
1006 1487 1093 1572 φασδ
1117 1491 1136 1554 δ

131 1613 197 1657 που
216 1592 278 1657 ούκ
296 1591 438 1675 ἐνούσης
456 1591 493 1657 ἐν
510 1599 549 1676 τῆ
568 1599 657 1676 ψυχῆ
676 1590 854 1676 ἐπιστήμης
873 1592 1055 1678 ἐντιθέναι,
1077 1589 1136 1661 οἷοι

131 1703 270 1782 τυφλοῖς
292 1698 484 1783 ὀφθαλμοῖς
506 1700 586 1777 όύιν
610 1696 804 1775 ἐκταθέντες.
841 1699 860 1765 δ
884 1698 924 1764 δέ
943 1723 982 1783 γε
1007 1710 1074 1767 νῦν
1098 1705 1134 1768 λό

92 1823 117 1864 15
131 1828 190 1888 γος
213 1808 369 1890 σημαίνει
390 1807 516 1889 ταύτην
538 1806 600 1888 τὴν
623 1804 768 1870 ἐνοῦσαν
794 1802 918 1891 ἑκάστῳ
943 1807 1091 1892 δύναμιν
1114 1809 1136 1874 ἐι

130 1920 170 1996 τῆ
205 1919 294 1996 ψυχῆ
325 1909 381 1977 καὶ
411 1914 449 1977 τδ
482 1913 629 1997 ὄργανον
662 1901 688 1997 ᾧ
720 1911 969 1994 καταμανθάνει
1002 1913 1136 1990 ἕκαστος

131 2009 205 2082 οἷον
234 2020 265 2083 εί
291 2019 381 2102 όμμα
408 2020 452 2104 μῆ
484 2019 631 2084 δυνατὸν
657 2012 700 2100 ῆν
727 2018 835 2093 ἀλλος
866 2015 886 2100 ἢ
915 2015 976 2095 ξὺν
1007 2019 1076 2107 ὅλῳ
1104 2028 1136 2107 τῆ

130 2125 257 2209 σώματι
284 2124 442 2211 στρέφειν
469 2126 552 2209 πρὸς
584 2125 621 2189 τὸ
654 2124 765 2207 φανὸν
795 2121 831 2188 ἐκ
858 2133 919 2188 τοῦ
946 2125 1136 2202 σκοτώδους

132 2230 237 2306 οὕτως
260 2230 321 2308 ξὺν
344 2232 404 2315 ὅλη
428 2238 467 2314 τῆ
485 2238 575 2314 ψυχῆ
594 2230 630 2295 έκ
646 2239 707 2294 τοῦ
724 2228 929 2314 γιγνομένου
951 2231 1136 2316 περιακτέον

90 2353 117 2393 20
131 2329 232 2415 εἶναι,
261 2334 323 2411 ἕως
345 2334 387 2399 ἀν
410 2337 457 2412 είς
479 2337 516 2400 τὸ
546 2335 586 2400 δν
612 2334 751 2401 καὶτοῦ
775 2337 872 2412 όντος
894 2338 931 2401 τδ
955 2342 1136 2421 φανότατον

114 2440 256 2534 ,δυνατὴ
283 2437 419 2522 γένηται
446 2439 651 2524 ἀνασχέσθαι
681 2438 849 2526 θεωμένη·
877 2452 976 2508 τοῦτο
1004 2438 1035 2508 δ’
1063 2440 1136 2509 είνα

131 2568 241 2630 φαμεν
263 2544 422 2629 τάγαθόν.
467 2547 589 2612 τούτου
612 2551 729 2614 τοίνυν
758 2548 861 2613 αὐτοῦ
888 2547 986 2633 τέχνη
1017 2548 1060 2614 ἀν
1086 2557 1134 2634 είη

129 2662 187 2738 τῆς
208 2661 429 2738 περιαγωγῆς,
458 2656 533 2719 τίνα
555 2657 680 2741 τρόπον
703 2655 748 2731 ὡς
770 2654 876 2742 ῥᾷστά
897 2678 932 2719 τε
954 2653 1012 2720 καὶ
1035 2655 1136 2722 ἀνυσι

130 2761 261 2845 μύτατα
280 2762 595 2844 μεταστραφήσεται,
620 2761 662 2826 οὐ
679 2769 740 2826 τοῦ
759 2760 935 2845 ἐμποιῆσαι
954 2760 1045 2849 αὐτῷ
1067 2763 1136 2846 (τὸ)

88 2884 115 2924 ιε
130 2865 225 2950 ὁρᾶν,
248 2864 320 2931 ἀλλ’
342 2867 387 2942 ὡς
411 2869 520 2951 ἔχοντι
538 2863 599 2952 μὲν
618 2867 710 2949 αύτό,
734 2867 796 2932 ούκ
819 2866 932 2950 ὀρθῶς
955 2862 992 2931 δὲ
1011 2891 1136 2954 τετραμΙ

129 2969 217 3060 μένφ
243 2968 322 3037 οὐδὲ
345 2971 501 3055 βλέποντι
525 2965 561 3037 οἷ
580 2973 658 3056 ἔδει,
682 2981 780 3038 τοῦτο
805 2974 858 3037 δεῖ
876 2976 1136 3057 μηχανήσασθαι

130 3079 168 3143 αί
187 3075 248 3163 μὲν
271 3080 388 3144 τοίνυν
411 3080 507 3144 ἀλλαι
531 3076 644 3164 ἀρεταί
670 3080 872 3163 καλούμεναι
898 3087 1008 3162 ψυχῆς
1030 3083 1136 3146 κινδυ

129 3204 342 3213 --...,--......

219 3277 259 3326 10.
278 3291 306 3342 p.
321 3278 365 3341 83,
380 3277 413 3325 19
432 3269 503 3327 Plat.
523 3268 606 3327 οῖσι.
621 3271 673 3328 vss
691 3291 717 3342 p.
735 3270 950 3326 ειεΒ-ειοΒ.

215 3452 233 3500 8
246 3441 389 3516 ἀφίεσθαι
399 3444 552 3518 (ἀφεῖσθαι
562 3447 686 3519 Scaliger
708 3440 974 3514 (λοδοῖεάφιεῖσθοιι
987 3449 997 3516 ῆ
1013 3453 1046 3500 11
1057 3447 1136 3502 imm<

110 3515 255 3574 οίθνοοια
264 3519 292 3574 Ρ
301 3520 317 3588 ῆ
331 3525 364 3574 12
375 3519 447 3590 φησί
457 3520 610 3592 compend.
617 3519 633 3592 ῆ
640 3525 674 3574 1ο
685 3510 869 3592 ῳὲδεῖιῆκό
874 3513 908 3568 su
917 3516 977 3568 ειῖ
991 3519 1134 3573 maistin
