2400 3930
142 114 205 178 114
553 109 743 165 1AMssmcfl1

140 269 225 341 εἶναι
245 273 368 356 αὐτοῖς,
390 272 703 358 ἐπισφραγιζόμενοι
722 271 787 337 άπὸ
805 283 873 337 τῶν
892 273 1018 340 ἐκείνου
1034 275 1118 357 ἔργον.
1177 271 1198 333 ιε’

140 382 193 447 ὅτε
212 382 274 465 γάρ
294 380 409 464 ὡμίλει
427 376 498 444 κατ’
517 377 730 464 ἀνθρώπους,
748 379 908 456 πολλάκις
927 378 963 445 ἐκ
980 369 1122 464 πυρόςκαὶ
1181 403 1188 451 ς

139 487 274 551 πάντων
306 497 374 552 τῶν
407 485 608 551 δεινοτάτων
638 482 812 550 άπευόστει
845 486 947 551 ὄκνον
980 480 1125 571 παραιτοό-
1180 496 1197 545 «ἐν

141 614 254 678 μενος·
278 593 314 659 ἐκ
337 595 400 678 γάρ
421 601 482 657 τοῦ
505 592 660 677 πράττειν
683 589 738 656 καὶ
761 590 960 675 ἐργάζεσθαι
982 594 1019 657 τὸ
1040 610 1127 671 κατορ

114 706 231 765 ὀθοῠν
255 700 504 785 παραγίγνεται,
528 692 600 764 ἀλλ’
626 697 688 765 οὐκ
711 697 747 764 ἐκ
768 705 830 764 τοῦ
853 698 1022 765 ἀποκνεῖν.

89 811 126 866 ια’
233 807 278 870 Τὸ
308 801 345 869 δὲ
373 806 429 881 είς
460 801 531 889 μὲν
563 804 760 888 ὑπόδηδιν
792 804 862 869 τὸν
896 805 1029 884 δεξιὸν
1057 800 1131 869 πόδα
1192 806 1198 845 2'

142 912 300 996 πάρεχε,
329 912 385 987 είς
413 905 455 976 δὲ
482 912 753 995 ποδόνιπτρον
780 910 849 976 τὸν
877 910 1081 996 εὐώνυμον
1103 906 1133 980 gig
1192 935 1200 1033 ρ

142 1019 202 1101 τὴν
235 1018 417 1103 πρακτικηυ
450 1019 618 1101 φρόνησιν
651 1022 846 1101 παρακαλεῖ,
878 1017 937 1093 τὰς
972 1013 1033 1102 μὲν
1059 1033 1135 1080 σπον-
1198 1043 1200 1134 ρ

144 1125 240 1201 δαίας
262 1123 395 1209 πράξεις
413 1124 458 1199 ὡς
477 1122 586 1201 δεξιὰς
602 1124 837 1207 περιτίθεσθαι
859 1123 1089 1208 παραγγέλλον
1103 1117 1137 1202 [τὸ

104 1248 129 1285 10
144 1229 344 1312 σύμβολον],
372 1231 430 1304 τίις
459 1226 497 1294 δὲ
520 1227 651 1312 φαύλας
674 1228 718 1305 όνς
742 1228 915 1315 ἀριστερὰς
939 1228 1141 1295 ἀποτίθεσθαι

144 1334 331 1398 παντάπασι
354 1332 410 1398 καὶ
433 1332 716 1419 άπορρόπτεσθαι.

89 1444 126 1519 ιβ’
232 1439 389 1504 Μάλιστα
413 1437 450 1504 δὲ
473 1440 510 1504 τὸ
535 1436 623 1525 περὶ
647 1443 942 1527 Πυθαγορείων
967 1444 1064 1508 άνευ
1087 1463 1146 1525 φω-

144 1548 208 1624 τὸς
231 1547 279 1631 μὴ
304 1547 415 1611 λάλει
437 1548 683 1632 παρακλητικόν
707 1545 798 1613 ἐστιν
824 1549 871 1626 είς
893 1548 953 1614 τόν
977 1549 1062 1615 κατὰ
1083 1546 1193 1632 φρόνλ

145 1670 245 1738 νησιν
268 1661 362 1719 νοῦν.
409 1648 507 1729 οὗτος
528 1653 592 1737 γάρ
615 1660 660 1741 τῷ
685 1649 771 1736 φωτὶ
794 1655 879 1718 ἔοικε
899 1662 957 1737 τῆς
981 1663 1090 1739 ψυχῆς
1110 1648 1153 1719 καὶ

106 1777 131 1816 1⁵
146 1758 303 1843 άόριστον
332 1754 438 1824 οὖσαν
466 1757 571 1842 αὐτὴν
599 1758 714 1844 ὁρίζει,
745 1759 896 1844 περιάγει
927 1783 963 1824 τε
993 1761 1104 1846 ὥσπερ
1128 1757 1156 1823 ἐκ

146 1868 267 1931 σκότου
290 1867 337 1942 είς
360 1875 440 1950 φῶς.
481 1862 557 1950 περὶ
580 1864 715 1930 πάντων
738 1860 799 1949 μὲν
819 1859 881 1930 οὖν
899 1875 967 1930 τῶν
987 1865 1025 1932 ἐν
1044 1874 1085 1951 τῇ
1104 1869 1157 1949 ζωῇ
1167 1876 1194 1920 14³

145 1977 256 2036 καλῶν
284 1971 431 2056 ἡγεμόνα
459 1979 544 2037 νοῦν
571 1973 796 2057 προίστασθαι
822 1975 999 2057 προσήκει,
1027 1973 1160 2057 μάλιστα

146 2075 207 2162 μὲν
231 2073 293 2142 οὖν
312 2075 388 2162 περὶ
406 2087 474 2143 τῶν
492 2080 741 2164 Πυθαγορείων
764 2077 953 2161 δογμάτων·
976 2087 1084 2145 ταῦτα
1105 2079 1160 2162 γὰρ

147 2185 228 2248 άνευ
252 2185 364 2267 φωτὸς
387 2184 448 2268 οὐχ
472 2175 546 2249 οἷόν
569 2181 607 2248 τέ
627 2183 696 2249 ε’στι
719 2195 856 2267 γνῶναι.

95 2295 130 2365 ιγ’
240 2289 285 2350 Τὸ
319 2285 356 2351 δὲ
390 2290 507 2371 ζυγὸν
539 2288 587 2373 μὴ
621 2289 881 2374 ὑπερβαίνειν
915 2291 1163 2378 δικαιοπραγεῖν

109 2415 133 2451 21
149 2393 406 2476 παρακελεύεται
438 2390 493 2456 καὶ
524 2403 689 2478 προτιμᾶν
723 2397 857 2480 ίσότητα
888 2393 943 2462 καὶ
971 2401 1164 2483 μετριότητα

82 2498 84 2503 ’
149 2505 351 2580 θαυμαστῶς
369 2495 424 2562 καὶ
442 2498 504 2581 τὴν
526 2500 735 2584 τελειοτάτην
759 2501 880 2587 ἀρετὴν
898 2504 1104 2586 γιγνώσκειν
1122 2505 1164 2569 δι-

148 2604 348 2687 καιοσύνην,
379 2599 418 2688 ἧς
446 2606 716 2690 συμπληρωτικαὶ
745 2608 783 2671 αί
802 2607 915 2674 λοιπαὶ
941 2607 998 2675 καὶ
1020 2605 1062 2694 ἧς
1087 2612 1165 2676 άνεν

149 2726 216 2779 τῶν
230 2713 341 2778 ἄλλων
357 2708 458 2779 οὐδὲν
471 2713 604 2797 όφελος·
618 2711 675 2777 καὶ
690 2713 731 2778 οὐ
744 2712 916 2799 παρέργως
926 2714 1167 2799 αὐτηνείδέναι

110 2839 134 2879 τε
149 2824 222 2904 χρη,
247 2820 329 2884 άλλδι
353 2821 408 2884 διά
431 2819 659 2905 θεωρημάτων
681 2817 737 2884 καὶ
760 2820 1015 2905 ἐπιστημονικῆς
1036 2822 1166 2890 ἀποδεί-

151 2926 238 3005 ξεως.
266 2935 365 2990 τοῦτο
380 2926 417 2991 δὲ
433 2926 589 3011 οὐδεμιᾶς
603 2926 704 3009 άλλης
719 2928 818 3011 ἔργον
833 2925 902 2993 ἐστὶ
915 2924 1033 3012 τέχνης
1043 2928 1166 2996 εἰδέναι

150 3032 204 3098 καὶ
224 3033 402 3116 ἐπιστήμης
425 3034 512 3115 πλὴν
530 3034 635 3116 μόνης
653 3035 856 3116 φιλοσοφίας
876 3042 933 3115 τῆς
951 3037 1034 3099 κατὰ
1048 3041 1166 3101 Πυθα-

150 3144 265 3226 γόραν,
285 3142 355 3223 ἥτις
370 3137 542 3223 ἐξαιρέτως
554 3148 622 3202 τῶν
636 3139 746 3203 άλλων
765 3140 805 3202 τά
820 3142 1000 3224 μαθήματα
1013 3149 1166 3228 προτιμᾷ.

99 3249 134 3304 ιδ
239 3248 299 3322 Εἰς
317 3245 417 3310 ταύτὸ
437 3241 474 3310 δὲ
489 3244 583 3330 φέρει
598 3242 704 3310 καὶτὸ
724 3243 936 3330 ἀποδημῶν
954 3255 1021 3330 τῆς
1041 3250 1168 3323 οίκίας

240 3408 256 3455 6
275 3402 361 3456 immo
376 3398 513 3456 ὑπόδεσιν
528 3401 575 3456 hic
590 3405 619 3456 et
627 3419 654 3471 p.
667 3407 726 3468 107,
738 3407 771 3457 10
782 3403 827 3470 (τί.
838 3403 936 3457 Nauck
952 3402 1101 3461 adlambl.
1112 3405 1166 3460 vit

144 3470 228 3541 Pyth
238 3473 395 3544 12233811.)
409 3474 420 3543 ss
434 3478 499 3541 9sq.
514 3469 546 3528 τὸ
563 3468 701 3544 σύμβολον
718 3473 813 3528 δολοωὶ
823 3475 839 3539 λλ
848 3478 882 3526 18
898 3471 948 3540 μὶν
963 3466 1033 3542 obv}
1046 3473 1111 3531 fort.
1126 3473 1166 3529 δὲ.
