2400 3930
134 167 175 229 10
540 166 734 222 IAMBLICHI

131 332 339 412 λογιζόμεθα.
386 327 523 394 καὶτὸν
546 330 630 394 θεὸν
654 332 823 413 σεβόμεθα
845 331 927 394 κατδι
950 332 1096 416 τρόπον,
1122 333 1149 396 εί

130 436 190 499 τὸν
229 435 265 500 ἐν
301 435 382 520 ἡμῖν
419 445 504 501 νοῦν
539 436 851 521 παρασκευάσαιμεν
887 437 995 520 πόσης
1035 440 1147 515 κακίας

132 540 241 624 ὥσπερ
269 543 361 619 τινδς
387 544 523 626 κηλῖδος
553 543 714 628 καθαρόν.
760 541 946 626 κοσμητέον
970 543 1066 629 ίερὸν
1089 540 1146 628 μὲν
1177 528 1182 619 λ

132 646 340 732 ἀναθήμασι,
371 650 433 732 τὴν
461 645 498 715 δὲ
525 649 636 734 ψυχὴν
664 650 868 733 μαθήμασιν.
914 649 959 726 ὡς
986 651 1053 734 πρὸ
1082 660 1146 715 τῶν

104 756 284 838 τμεγιίλων
315 757 508 840 μυστηρίων
539 757 577 821 τὸ
610 757 709 840 μικρὰ
740 753 963 840 παραδοτέον,
997 754 1055 821 καὶ
1085 757 1145 843 πρὸ

131 864 334 945 φιλοσοφίας
356 863 520 928 παιδείαν.
565 862 583 927 ὁ
608 859 669 947 μὲν
691 871 748 946 τῆς
777 871 838 946 γῆς
859 863 986 948 καρπὸς
1011 857 1057 926 δι’
1085 863 1145 928 ἐνι

131 977 249 1050 αυτοῦ,
280 965 359 1034 καθ’
385 967 526 1035 ἕκαστον
549 965 587 1034 δὲ
614 971 703 1054 ὥρας
729 971 849 1053 μόριον
878 969 896 1034 δ
921 969 1024 1054 <τῆς>
1053 975 1145 1054 φιλο-

131 1078 253 1159 σοφίας
277 1075 483 1142 ἀποδίδοται.
524 1077 676 1158 καθοίπερ
699 1076 808 1161 χώρας
831 1075 972 1160 μάλιστα
996 1075 1144 1160 ἐπιμελη-

129 1177 206 1244 τέον
230 1189 274 1267 τῷ
298 1191 355 1265 τῆς
378 1181 514 1266 ἀρίστης
537 1181 737 1266 ἐπιτυχόντι,
759 1180 816 1246 καὶ
836 1190 954 1266 ψυχῆς,
978 1181 1070 1259 ὅπως
1091 1188 1144 1265 τῆς

90 1313 116 1350 10
130 1286 262 1369 φύσεως
286 1285 380 1363 ἄξιον
403 1285 577 1370 ίνὲγκηται
598 1287 659 1351 τὸν
682 1290 818 1372 καρπόν.

225 1397 370 1457 Τοιαῦτα
390 1394 432 1458 ἄν
450 1416 500 1470 τις
519 1392 582 1458 ἀπὸ
601 1404 668 1457 τῶν
687 1394 838 1480 ἐναργῶν
856 1397 1009 1479 γνωμικδι
1028 1394 1141 1479 ὁμοιό-
1179 1390 1182 1443 5

129 1522 215 1582 ματα
243 1497 511 1585 παρατιθέμενος
539 1510 661 1575 κοινῶς
688 1497 730 1563 διν
758 1501 805 1576 είς
833 1505 1041 1585 φιλοσοφίαν
1068 1525 1140 1589 προ·
1177 1446 1182 1561 λ

130 1603 291 1690 τρέψειεν.

217 1711 275 1776 ΠΙ.
299 1710 393 1775 Ἔστι
418 1707 455 1777 δὲ
477 1709 533 1776 καλ
561 1713 660 1789 ἄλλος
682 1712 784 1789 τόπος
806 1713 955 1797 γνώμαις
976 1715 1182 1800 χρώμενοςιε]

89 1841 114 1881 16
128 1813 185 1880 καὶ
203 1816 312 1900 αὐτός,
332 1816 442 1882 οὐκέτι
462 1814 498 1884 δὲ
518 1820 573 1883 διδι
592 1821 782 1903 παραβολῆς
799 1819 1072 1903 ἀντιπαρατιθεὶς
1088 1823 1182 1898 τὰςΗ

128 1922 318 2008 ὁμοιώσεις,
342 1925 500 2010 ἔμμετρος
521 1923 577 1989 καλ
600 1924 814 2009 ἐναρμόνιος,
837 1927 976 2008 γνήσιος
999 1937 1066 1992 τῶν
1088 1927 1142 1992 ἀν-

128 2032 219 2115 δρῶν
247 2032 391 2115 τούτων,
424 2032 464 2097 δν
492 2034 610 2117 ἔχομεν
639 2034 879 2116 παρειληφότες
909 2032 946 2097 ἐν
970 2034 1085 2112 ἄλλοις
1109 2054 1147 2098 τε

127 2136 183 2202 καὶ
206 2138 243 2203 ἐν
265 2149 335 2215 τοῖς
357 2142 505 2223 Χρυσοίς
528 2140 657 2221 ἔπεσιν,
686 2133 734 2203 ὧν
758 2137 854 2221 ὀλίγα
882 2140 962 2204 δίττα
987 2141 1165 2227 δείγματα

127 2243 338 2326 παραθετέου
361 2245 401 2307 τδι
424 2252 574 2308 τοιαῦτα·

88 2391 115 2430 ιο
171 2375 275 2431 ταῦτα
297 2369 410 2450 πόνει,
438 2364 531 2431 ταῦτ’
558 2365 727 2452 ἐκμελέτα,
750 2370 879 2434 τούτων
902 2371 965 2456 χρη
989 2370 1072 2458 ἐρᾶν
1094 2388 1144 2438 σε
1161 2377 1179 2391 ’

172 2473 275 2538 ταῦτα
298 2487 335 2537 σε
358 2480 417 2555 τῆς
439 2475 536 2550 θείας
559 2473 675 2559 ἀρετῆς
699 2476 746 2553 είς
769 2481 860 2560 ίχνια
882 2479 993 2560 θησει.

128 2598 184 2663 διδι
219 2598 283 2682 γδιρ
320 2597 449 2663 τούτων
486 2599 533 2674 είς
565 2599 672 2664 πάντα
705 2601 745 2664 τδι
780 2603 865 2666 καλὰ
896 2603 1093 2686 μαθήματά,
1108 2610 1182 2668 τὲ

81 2779 82 2782 ¹
127 2703 182 2770 καὶ
210 2704 452 2789 ἐπιτηδεύματα
479 2703 672 2791 προτρέπει,
705 2708 785 2790 μητε
817 2709 931 2772 πόνων
964 2710 1182 2791 φείδεσθαι

129 2813 282 2895 οίόμενος
314 2813 403 2894 δεῖν,
436 2814 516 2896 μήτε
548 2810 687 2896 μελέτην
714 2810 852 2896 ὑφιέναι
884 2813 1066 2899 μηδεμίαν,
1098 2814 1182 2884 είέ

43 2946 45 2951 ·
88 2918 235 3003 εσέροετοί
265 2941 299 2982 τε
327 2915 382 2981 καί
409 2921 604 3003 προθυμίαν
632 2929 699 2983 τῶν
726 2924 838 2985 καλῶν
867 2921 1056 3005 διεγείρων,
1089 2903 1182 2987 κα2

216 3083 240 3131 3.
261 3071 504 3143 λκοσμητέον-
523 3075 626 3146 μαθήμ
623 3076 702 3166 ,.]οί
724 3075 802 3130 stob.
821 3075 881 3132 Eel
900 3077 927 3130 II
946 3084 990 3144 31,
1008 3084 1042 3133 63
1062 3082 1100 3150 (v
1117 3056 1182 3131 [1

125 3165 152 3216 p.
168 3154 229 3216 210,
245 3153 327 3220 16sq.
344 3145 561 3217 Wachsm..)ss4
577 3145 630 3202 6
614 3168 702 3209 ως-
722 3148 869 3219 παιδείαν]
891 3149 926 3203 of
943 3120 1182 3206 stob.1.0.2‘1

127 3223 166 3287 (p.
185 3191 245 3285 206,
261 3226 295 3274 26
305 3219 448 3287 εηη)λ20
458 3235 498 3286 sq
518 3217 608 3274 Carm.
624 3218 691 3274 Aur
703 3236 747 3274 vv.
758 3223 846 3288 dbsq.

217 3366 230 3413 1
246 3360 295 3413 καὶ
309 3359 385 3415 delet
372 3359 493 3416 tvitelli
506 3361 516 3432 ss
530 3367 545 3415 ‘1
560 3360 610 3430 τῆς
622 3359 735 3416 addidit
743 3361 769 3414 K
722 3362 792 3432 011
806 3356 864 3417 1οἒ
865 3381 952 3433 νεγιιη
962 3361 1012 3417 καὶ
1022 3380 1093 3418 com
1077 3360 1125 3415 Κ
1151 3339 1182 3421 λλ

127 3462 198 3522 18”
179 3487 250 3522 αττα
264 3469 274 3536 [Ι
286 3473 321 3521 20
341 3461 422 3522 ταῦτ’
444 3447 522 3522 ἔειπον
522 3465 555 3539 ἸΙ
569 3471 605 3521 24
619 3463 761 3536 μελέτης
747 3465 866 3536 υφιέναι
881 3469 1022 3539 μηδεμιᾶς
1035 3470 1081 3525 vel
1094 3480 1175 3539 με’

125 3535 244 3608 λε’την’
228 3536 347 3608 αφιέναι
366 3539 507 3609 μηδεμίαν
527 3539 626 3592 Hemst
614 3538 764 3593 terhusius.
