2400 3930
132 133 176 196 64
538 129 729 187 IAMBLICHI

131 296 273 380 τροφήν·
301 297 349 360 ἔτι
376 292 413 359 δὲ
436 296 479 360 ἀν
501 317 589 372 τινες
611 296 708 361 νόσοι
735 290 986 380 προσπέσωσιν,
1010 292 1095 378 έμποι

133 404 246 479 ζουσιν
274 401 369 486 ήμῶν
391 402 452 485 τήν
479 409 540 466 τοῦ
568 402 665 478 ὄντος
693 403 815 486 θήραν.
861 399 995 486 ἐρώτων
1025 395 1095 464 δδκ

132 507 320 592 έπνθυμιῶν
346 505 401 574 καὶ
432 509 549 592 φόβων
578 505 633 572 καὶ
663 507 811 572 εἰδώλων
838 507 1095 572 παντοδαπῶνκ

131 617 298 700 φλυαρίας
329 614 528 699 ἐμπίπλησιν
559 614 659 699 ἡμᾶς,
697 613 780 678 ὥστε
814 613 852 676 τὸ
886 611 1095 698 λεγόμενονί

105 720 267 804 τάληθῶς
289 729 335 810 τῷ
358 722 431 786 ὄντι
453 715 509 786 ὑπ’
532 720 636 786 αὐτοῦ
659 715 739 785 οὐδὲ
763 726 933 804 φρονῆσαι
956 718 1034 802 ήμῖν
1053 716 1094 799 έγγ

131 849 245 909 γνεται
268 824 428 892 οὐδέποτε
451 825 562 892 οὐδέν.
598 823 735 910 καὶγὰρ
756 821 923 909 πολέμους
940 821 996 889 καλ
1013 823 1095 888 σιάσι

130 929 186 998 καὶ
209 932 314 1017 μάχας
337 929 437 998 οὐδὲν
460 934 541 999 ἀλλο
564 930 698 1018 παρέχει
715 929 736 1014 ή
754 931 792 995 τὸ
816 939 910 1014 σῶμα
933 928 989 994 καί
1010 929 1046 994 αί
1060 950 1095 992 τοι

130 1061 191 1104 του
223 1039 407 1124 ἐπιθυμίαι.
453 1039 509 1103 διδ
540 1039 603 1124 γὰρ
634 1039 696 1121 τήν
725 1045 792 1101 τῶν
822 1035 1001 1120 χρημάτων
1026 1041 1095 1115 κιήσι

131 1146 251 1222 πάντες
278 1147 314 1211 οί
337 1149 476 1229 πόλεμοι
502 1147 669 1228 γίνονται,
696 1144 737 1207 τδι
758 1138 802 1207 ’δὲ
828 1144 978 1227 χρήματα
1000 1140 1095 1222 ἀναγκι

92 1266 118 1305 10
133 1253 255 1333 ζίμεθα
277 1258 421 1316 κτᾶσθαι
445 1251 500 1315 διὰ
524 1251 562 1315 τὸ
586 1260 695 1332 σῶμα,
719 1248 938 1324 δουλεύοντες
958 1254 998 1332 τῇ
1019 1244 1095 1310 τούτο

130 1357 307 1441 θεραπείᾳ·
329 1352 384 1420 καὶ
408 1354 443 1420 έκ
465 1357 587 1420 τούτου
610 1355 771 1438 ἀσχολίαν
792 1355 917 1437 ἀγομεν
941 1351 1095 1437 φιλοσοηίι

129 1457 206 1544 πέρι
238 1461 294 1525 διδ
324 1460 432 1526 πάντα
458 1469 570 1526 ταῦτα.
615 1461 652 1526 τὸ
686 1457 724 1526 δὲ
752 1463 891 1545 ἔσχατον
918 1455 1095 1524 πάντωνά

130 1566 188 1632 έάν
215 1590 265 1644 τις
291 1567 371 1652 ήμῖν
393 1565 449 1632 καλ
476 1567 578 1651 σχολή
605 1565 741 1650 γένηται
769 1560 823 1631 ἀπ’
850 1565 956 1630 αὐτοῦ
982 1563 1037 1630 καὶ
1058 1584 1095 1646 τρι

129 1674 269 1758 πώμεθα
300 1675 383 1760 πρὸς
413 1675 451 1739 τὸ
479 1683 616 1739 σκοπεῖν
647 1695 694 1756 τι,
726 1671 763 1738 έν
796 1682 867 1748 ταῖς
898 1674 1095 1755 ζητήσεσινι

90 1796 116 1837 1⁵
129 1790 299 1864 πανταχοῦ
329 1790 539 1866 παραπῖπτον
566 1782 720 1865 θόρυβον
747 1776 882 1863 παρέχει
910 1775 966 1842 καὶ
992 1773 1095 1862 ταραχή

128 1883 184 1951 καὶ
207 1884 385 1969 ἐκπλήττει,
409 1887 493 1951 ὥστε
515 1886 559 1970 μή
584 1886 753 1950 δύνασθαι
775 1878 832 1949 ὑπ’
858 1884 963 1949 αὐτοῦ
986 1887 1095 1964 καθορό

128 1990 282 2075 τάληθές,
306 1992 389 2057 ἀλλά
406 2000 452 2081 τῷ
471 1994 543 2058 ὄντι
561 1992 642 2076 ήμῖν
661 1989 824 2056 δέδεικται
843 1991 905 2074 ὅτι,
925 1992 957 2056 εί
973 1989 1095 2075 μέλλομε

127 2119 207 2164 ποτε
237 2105 395 2184 καθαρῶς
425 2122 457 2164 τι
490 2105 656 2181 εἴσεσθαι,
689 2094 915 2162 ἀπαλλακτέον
948 2096 1049 2162 αὐτοῦ
1075 2116 1095 2157 κι

128 2205 211 2290 αὐτῇ
237 2214 277 2289 τή
300 2213 390 2289 ψυχή
412 2203 554 2270 θεατέον
582 2204 665 2269 αὐτὰ
691 2204 732 2267 τοὶ
754 2203 944 2287 πράγματα·
970 2199 1026 2267 καὶ
1051 2201 1095 2265 τότ

88 2332 115 2370 ιο
128 2311 173 2385 ὡς
196 2311 317 2391 ἔοικεν,
345 2309 425 2393 ήμῖν
452 2312 543 2374 ἔσται
571 2305 612 2374 οὗ
639 2307 869 2393 έπιθνμοῦμέν
891 2331 926 2373 τε
948 2311 1008 2373 καί
1027 2330 1095 2392 φαμ

128 2406 265 2498 έρασταλ
285 2408 385 2495 εἶναι,
408 2417 586 2499 φρόνησις,
614 2415 748 2481 ἐπειδὰν
769 2416 1028 2499 τελευτήσωμεν,
1050 2415 1088 2489 ὡς

125 2522 226 2603 λόγος
248 2521 412 2604 σημαίνει,
437 2523 514 2598 ζῶσι
537 2517 575 2586 δὲ
597 2522 648 2587 οὔ.
693 2523 724 2586 εί
749 2523 813 2606 γὰρ
836 2520 879 2604 μή
904 2513 977 2585 οἷόν
1000 2543 1035 2585 τε
1056 2540 1095 2603 με

4 2656 7 2661 ⁴
126 2635 187 2692 τοῦ
210 2627 360 2710 σώματος
382 2624 488 2711 μηδὲν
509 2634 666 2713 καθαρῶς
687 2637 825 2711 γνῶναι,
849 2627 948 2692 δυοῖν
967 2628 1009 2691 τὰ
1031 2625 1095 2704 ἔτερ

126 2733 147 2818 ή
172 2734 323 2819 οὐδαμοῦ
346 2735 415 2798 ἔστι
440 2736 627 2817 κτήσασθαι
653 2735 691 2798 τὸ
719 2731 843 2798 είδέναι
865 2731 886 2816 ή
910 2735 1095 2816 τελευτήσω

88 2858 113 2898 25
127 2842 199 2904 τότε
229 2841 292 2925 γὰρ
321 2840 403 2924 αὐτή
431 2837 512 2905 καθ’
539 2840 644 2923 αὑτήν
671 2841 762 2905 ἔσται
789 2839 809 2922 ἡ
837 2839 926 2923 ψυχή
954 2837 1054 2925 χωρὶς
1073 2860 1095 2901 τι

127 2945 288 3029 σώματος,
311 2948 473 3031 πρότερον
497 2942 535 3010 δὲ
554 2945 602 3012 οὔ.
638 2943 694 3010 καὶ
717 2944 754 3010 έν
777 2935 803 3033 ᾧ
827 2942 868 3009 δν
893 2948 1008 3029 ζῶμεν,
1032 2943 1095 3010 οῧτι

127 3053 171 3129 ὡς
199 3054 305 3117 ἔοικεν
337 3051 503 3135 ἐγγυτάτω
535 3051 681 3136 έσόμεθα
707 3060 769 3116 τοῦ
795 3048 935 3134 είδέναι,
968 3050 1027 3116 ἐὰν
1058 3049 1074 3114 ὅ

127 3159 267 3241 μάλιστα
290 3155 395 3243 μηδὲν
414 3157 580 3243 ὁμιλῶμεν
597 3164 643 3246 τῷ
664 3157 789 3241 σώματι
810 3153 894 3241 μηδὲ
911 3165 1095 3239 κοινωνῶμε

127 3263 195 3327 ὅτι
214 3265 258 3348 μή
277 3274 365 3329 πᾶσα
384 3264 521 3347 ἀνάγκη,
540 3260 623 3348 μηδὲ
642 3263 927 3348 ἀναπιμπλώμεθα
940 3271 998 3346 τής
1014 3261 1095 3327 τούτι

126 3405 339 3418 -ι-ῂ-

209 3495 244 3543 14
264 3509 297 3561 τι,
318 3488 365 3564 έν]
384 3491 415 3546 τί
430 3487 462 3548 έν
476 3494 534 3562 1116
553 3493 733 3562 παραπῖπτον
746 3493 806 3559 W
824 3493 905 3546 δυοῖν
922 3492 1049 3564 θάτερον
1065 3490 1092 3544 P.
