2400 3930
141 113 184 176 66
548 112 739 168 IAMBLICHI

140 278 300 359 κοσμίως,
329 275 461 352 τούτοις
487 277 603 358 μόνοις
629 278 803 360 προσήκει,
830 286 900 352 τοῖς
927 277 1069 360 μάλιστα
1095 294 1186 348 τοῦ

141 383 293 466 σώματος
320 382 524 467 ὀλιγωροῶσί
549 405 584 446 τε
611 378 666 446 καὶ
696 380 733 446 ἐν
760 385 947 469 φιλοσοφίᾳ
979 386 1086 462 ζῶσιν.
1131 392 1177 451 εί

141 488 205 573 γὰρ
228 486 355 566 ἐθέλεις
378 488 537 571 έννοὴσαι
564 490 625 570 τὴν
649 511 686 572 με
714 498 782 552 τῶν
804 489 916 554 ἀλλων
939 488 1097 574 ἀνδρείαν
1122 515 1161 556 τε

140 593 196 660 καὶ
219 595 462 680 σωφροσύνην,
489 592 579 672 δόξει
601 611 656 659 σοι
680 588 766 660 εἶναι
789 595 920 671 ἀτοπος.
968 590 1070 660 οἶσθα
1090 598 1150 680 νδρ
1166 623 1184 662 ιι

115 721 128 760 5
143 704 252 784 δήπου
276 702 326 766 ότι
348 702 408 765 τδν
426 699 578 765 θάνατον
596 699 757 783 ἡγοῦνται
775 701 896 777 πάντες
919 700 955 766 οί
975 702 1070 766 ἀλλοι
1086 711 1147 766 τῶν

142 809 294 892 μεγάλων
316 817 436 872 κακῶν.
479 807 604 872 οὐκοῦν
627 809 723 893 φόβῳ
747 809 908 890 μειζόνων
927 805 1140 891 ὑπομένουσιν

142 915 252 980 αὐτῶν
276 914 312 979 οί
332 913 481 999 ἀνδρεῖοι
503 915 562 979 τὸν
582 913 745 996 θάνατον,
769 912 850 978 όταν
868 912 1068 999 ὑπομένωσι.
1101 914 1139 998 τῷ

142 1020 289 1087 δεδιέναι
316 1021 381 1106 ἀρα
407 1018 463 1086 καὶ
495 1018 563 1086 δέει
590 1019 744 1105 ἀνδρεῖοί
771 1021 836 1085 είσι
862 1019 984 1098 πάντες
1010 1021 1090 1103 πλὴν
1110 1015 1140 1081 οί

143 1131 334 1212 φιλόσοφοι.
379 1129 486 1191 καίτοι
519 1127 642 1209 ἀλογόν
677 1149 714 1207 γε
751 1123 819 1190 δέει
854 1127 931 1191 τινὰ
962 1123 1018 1192 καὶ
1049 1123 1137 1206 δειλίη
1195 1125 1196 1135 ’

102 1253 128 1293 10
142 1234 300 1316 ἀνδρεῖον
328 1226 421 1296 εἶναι.
467 1233 502 1297 τί
527 1227 564 1296 δέ
587 1232 622 1294 ολ
646 1233 779 1316 κόσμιοι
808 1231 933 1311 αύτῶν;
966 1233 1008 1298 ού
1034 1229 1138 1297 ταύτδν

141 1339 248 1424 τούτῳ
272 1339 498 1415 πεπόνθασιν;
523 1336 684 1422 ἀκολασίᾳ
705 1335 774 1402 τινλ
792 1335 967 1423 σώφρονές
985 1340 1060 1417 τίσις
1081 1333 1140 1400 καί

141 1466 195 1508 τοι
218 1440 328 1528 φαμέν
351 1466 389 1525 γε
412 1442 580 1508 ἀδύνατον
604 1436 701 1525 εἶναι,
728 1437 800 1509 ἀλλ’
827 1444 915 1528 ὅμως
938 1445 1051 1521 αὐτοῖς
1071 1457 1142 1523 σοιν
1194 1462 1196 1481 =

142 1553 251 1635 βαίνει
278 1551 384 1637 τούτω
413 1548 531 1633 ὅμοιον
560 1549 598 1612 τὸ
631 1549 740 1626 πάθος
771 1552 809 1616 τὸ
836 1548 912 1635 περὶ
941 1552 1064 1634 ταύτην
1086 1545 1145 1627 τὴν
1158 1540 1196 1592 1⁸⁸¹

143 1657 249 1742 εύὴθη
279 1656 519 1741 σωφροσύνην·
550 1656 758 1741 φοβούμενοι
784 1657 848 1741 γὰρ
877 1654 1000 1741 ἑτέρων
1022 1656 1153 1740 ἡδονῶν

103 1782 128 1822 15
143 1769 347 1848 στερηθῆναι
378 1759 433 1827 καί
466 1760 708 1847 ἐπιθυμοῦντες
744 1760 899 1845 ἐκείνων,
936 1763 1047 1828 ἀλλων
1075 1749 1162 1826 ἡδέ’

141 1892 257 1953 χονται
291 1865 346 1933 ὑπ’
383 1869 493 1933 ἀλλων
525 1870 753 1955 κρατούμενοι.
804 1870 911 1933 καίτοι
942 1869 1081 1934 καλοῦσί
1104 1867 1169 1946 κθ

143 1976 324 2040 ἀκολασίαν
351 1975 389 2039 τὸ
417 1974 482 2040 ὑπὸ
510 1986 577 2040 τῶν
600 1976 734 2059 ἡδονῶν
762 1975 939 2060 ἀρχεσθαι·
967 1971 1041 2040 ἀλλ’
1066 1970 1178 2057 όμωέ

142 2084 319 2166 συμβαίνει
352 2080 465 2158 αὐτοῖς
496 2078 735 2167 κρατουμένοις
766 2076 825 2163 ὑφ’
846 2079 992 2163 -ἡδονῶν
1022 2071 1185 2166 κρατείψ

142 2190 252 2253 ἀλλων
289 2187 431 2270 ἡδονῶν.
484 2197 583 2252 τοῦτο
621 2185 650 2252 δ’
688 2187 806 2270 ὅμοιόν
843 2185 933 2252 ἐστιν
966 2187 984 2252 δ
1016 2196 1078 2253 νῶν
1104 2154 1196 2248 M

102 2313 129 2351 ιο
143 2296 276 2376 ἔλεγον,
303 2296 429 2377 τρόπον
456 2294 532 2358 τινδι
560 2291 603 2357 δι’
631 2292 813 2359 ἀκολασίαν
836 2293 957 2372 αὐτοὺς
985 2293 1196 2378 σεσωφροχ

142 2401 269 2464 νίσθαι.
316 2397 357 2461 οὐ
384 2401 503 2463 τοίνυν
531 2399 613 2482 αύτη
642 2396 732 2464 ἐστίν
759 2399 780 2483 ἡ
808 2399 897 2485 ὀρθὴ
924 2402 1008 2486 πρὸς
1035 2396 1123 2487 ἀρετὴ

143 2504 283 2587 ἀλλαγὴ,
312 2503 436 2586 ἡδονὰς
464 2507 547 2591 πρὸς
574 2506 699 2589 ἡδονὰς
725 2503 782 2571 καὶ
808 2507 914 2582 λύπας
939 2508 1024 2593 πρὸς
1051 2493 1196 2579 Mau?

141 2608 196 2676 καί
229 2613 339 2694 φόβον
365 2612 448 2697 πρὸς
481 2614 591 2696 φόβον
618 2613 914 2696 καταλλάττεσθαι,
947 2615 1045 2698 μείζω
1071 2601 1196 2697 πρδῷ

142 2718 279 2802 ἐλάττω,
310 2719 420 2805 ὥσπερ
451 2723 652 2804 νομίσματα,
686 2715 758 2784 ἀλλ’
788 2710 810 2804 ἡ
840 2718 947 2785 έκεῖνο
980 2721 1086 2804 μόνον
1114 2709 1196 2781 W

103 2842 128 2881 25
141 2827 287 2909 νόμισμα
312 2825 436 2911 ὀρθόν,
467 2823 541 2891 ἀντὶ
571 2820 612 2890 οὗ
641 2825 695 2890 δεί
718 2824 825 2889 πάντα
853 2833 956 2890 ταῦτα
978 2824 1196 2905 καταλλὴτκ

142 2936 275 3013 τεσθαι,
309 2934 488 3016 φρόνησις,
520 2929 577 2997 καὶ
606 2931 728 2996 τούτου
760 2926 821 3014 μὲν
848 2932 956 2995 πάντα
987 2929 1045 2997 καὶ
1076 2927 1196 3017 μιτδ4

141 3039 264 3103 τούτου
288 3037 464 3122 ῶνούμενά
486 3060 521 3102 τε
543 3034 599 3103 καλ
621 3038 872 3122 πιπρασκόμενα
895 3044 940 3123 τῷ
960 3038 1033 3103 ὄντι
1056 3028 1077 3124 ἡ
1100 3034 1152 3103 καὶ

143 3145 280 3230 ἀνδρεία
299 3142 354 3210 καὶ
371 3146 576 3229 σωφροσύνη
595 3142 651 3209 καὶ
670 3142 867 3225 δικαιοσύνη
886 3139 942 3208 καὶ
961 3144 1152 3229 συλλήβδην

142 3250 272 3333 ἀληθὴς
303 3250 401 3336 ἀρετὴ
434 3251 513 3334 μετὰ
547 3251 756 3336 φρονήσεως,
791 3246 848 3313 καὶ
878 3248 1152 3336 προσγινομένων

216 3394 247 3441 11
263 3387 317 3442 εἶσι
331 3391 393 3458 (sic)
407 3407 458 3458 pr„
479 3406 547 3444 corr.
563 3387 637 3445 εἶναι
650 3391 660 3458 ἡ
675 3394 707 3443 19
722 3385 826 3458 ἄλλων]
846 3388 886 3442 sic
900 3391 909 3459 ΙΙ
923 3389 987 3447 fort.
1006 3388 1107 3463 τούτῳ,
1125 3392 1153 3444 ελ

130 3476 165 3529 ολ
175 3476 262 3531 Ριιδί
275 3467 301 3551 ᾦ
308 3478 364 3532 νύν
374 3472 411 3548 δὴ
424 3473 547 3550 ἐλέηετο,
561 3480 600 3552 τῷ
610 3480 744 3551 mmm
754 3470 842 3546 ἓλεηδ*
855 3478 920 3543 &m
931 3481 962 3532 ελ
971 3483 1006 3531 ‘U
1019 3469 1082 3548 ἡὴἡ
1091 3475 1153 3546 εδὴ.
