2400 3930
308 160 582 218 PROTREPTICUS
601 162 634 231 (ι.
649 161 719 232 xx).
980 161 1022 225 99
1145 138 1150 144 ’

60 304 72 371 ἶ
105 333 215 404 ταῦτα;
241 325 278 389 αί
297 326 408 407 νόσοι,
434 324 471 388 τὸ
494 331 612 408 γῆρας,
637 323 674 388 αλ
695 320 878 401 ἐξαπιναῖοι
903 325 1022 408 ζημίαι,

76 429 135 507 τὰς
159 430 194 496 ἐκ
221 440 289 497 τών
316 432 430 514 νόμων
458 427 543 513 λέγω
573 432 688 513 ζημίας
717 427 852 516 (ταύτας
875 427 1022 514 μὲνγὰρ

60 521 71 588 λ
93 536 315 622 εὐλαβηθῆναι
338 538 407 602 ἔστι
430 535 485 601 καὶ
507 534 747 622 φυλάξασθαι),
771 535 853 600 ἀλλά
875 536 933 613 τδις
954 559 1022 602 τοι-

60 633 121 726 δτας,
135 644 307 729 πυρκαλάς,
326 643 496 718 θανάτους
514 643 661 726 οἰκετῶν,
680 643 903 728 τετραπόδων,
922 643 1022 718 ἀλλας

60 734 260 836 λσυμφοράς,
283 752 321 814 αλ
339 752 540 834 περίκεινται
564 748 602 814 αί
621 744 683 833 μὲν
706 758 776 826 τοῖς
800 749 961 832 σώμασιν,
985 749 1023 814 αι’
1035 767 1048 807 5

60 867 138 933 wass
160 865 297 941 ψυχαῖς,
326 855 364 920 αλ
390 851 427 920 δὲ
449 864 519 933 τοῖς
541 857 694 940 χρήμασι.
740 856 870 921 τούτων
893 856 935 939 δη
960 851 1022 921 οὖν

60 980 108 1026 ἐκα
137 964 286 1046 πάντῳν,
322 963 411 1039 ὅπως
444 962 478 1039 ἐς
508 970 612 1027 ταῦτα
644 965 743 1046 ἔχωσι
775 969 921 1047 χρῆσθαι
952 973 1023 1039 τοῖς

60 1069 164 1153 η’μασι,
191 1078 255 1146 πάς
282 1068 366 1154 ἀνὴρ
394 1078 455 1135 τοῦ
482 1069 630 1134 πλούτου
659 1066 817 1153 ὀρέγεται.
863 1065 919 1133 καὶ
946 1065 1019 1133 ἀλλ’

60 1197 91 1238 ια
118 1175 158 1242 δέ
189 1176 279 1241 ἐστιν
314 1176 396 1261 ἀπερ
434 1174 494 1260 οὐχ
530 1169 636 1258 ησσον
669 1173 689 1258 ἢ
722 1176 762 1240 τά
797 1174 1021 1261 προειρημένα

60 1290 127 1369 ιρμηλ
145 1283 225 1360 τοὺς
243 1282 444 1367 ἀνθρώπους
463 1278 517 1347 ἐπὶ
537 1282 596 1346 τὸν
619 1285 859 1367 χρηματισμόν,
882 1283 920 1348 αλ
939 1284 1022 1369 πρὸς
1037 1299 1062 1338 10

60 1390 170 1470 λήλους
198 1391 382 1472 φιλοτιμίαι
410 1385 464 1453 καὶ
492 1388 528 1453 ολ
554 1390 643 1471 ζῆλοι
670 1387 726 1454 καὶ
755 1389 792 1454 αί
817 1392 1020 1475 δυναστεῖαι,

60 1493 117 1571 ’ἀς
138 1496 179 1558 τά
207 1496 356 1580 χρήματα
383 1491 459 1578 περὶ
486 1498 613 1560 πολλοῦ
642 1506 832 1580 ποιοῦνται,
861 1497 912 1561 ὅτι
940 1513 1021 1580 συμ-

60 1603 160 1665 λλεται
184 1602 232 1676 είς
253 1601 294 1665 τδι
315 1609 461 1666 τοιαῦτα.
501 1601 592 1677 ὅστις
611 1601 650 1667 δέ
673 1602 763 1667 ἐστιν
782 1601 867 1687 ἀνὴρ
887 1601 1022 1685 ἀληθῶς

60 1709 149 1790 αθός,
178 1701 276 1783 οὗτος
304 1706 365 1771 οὐκ
393 1705 556 1795 ἀλλοτρίῳ
584 1709 697 1795 κόσμῳ
721 1706 936 1794 περικειμένῳ
959 1710 1021 1793 τὴν

60 1808 110 1887 ξαν
134 1820 296 1897 θηρᾶται,
329 1812 412 1879 ἀλλά
443 1821 482 1898 τῇ
514 1813 618 1879 αὑτοῦ
649 1812 756 1901 ἀρετῇ.
803 1815 919 1899 διόπερ
952 1812 1021 1879 ἐπεὶ
1037 1828 1061 1869 15

60 1921 191 2004 λοσοφία
223 1922 270 1996 είς
306 1917 427 1985 ἑαυτὸν
459 1919 669 2005 ἀνηρτῆσθαι
702 1930 793 1985 ποιεῖ
823 1929 869 2008 τῷ
903 1920 1020 2009 ἀγαθῷ

60 2047 128 2109 ντα,
156 2032 278 2091 παθών
301 2023 338 2091 δὲ
361 2024 496 2111 καὶτῆς
519 2025 579 2104 ἔξω
607 2029 719 2111 χρείας
746 2025 942 2111 ἀφίστησιν,
970 2033 1020 2110 είη

73 2133 297 2218 χρησιμωτάτη
321 2143 437 2198 πασῶν
455 2134 539 2218 πρὸς
560 2133 620 2198 τὸν
640 2132 823 2217 εὐδαίμονα
842 2136 926 2216 βίον.
966 2131 1021 2199 καὶ

60 2234 84 2318 ρλ
105 2241 306 2324 φιλοψυχίας
330 2237 367 2304 δὲ
390 2234 455 2305 ὧδε
479 2241 521 2304 ἀν
544 2262 593 2316 τις
616 2242 785 2323 πεισθείη,
814 2239 879 2324 ὅτι,
907 2241 939 2306 εί
959 2236 1021 2325 μὲν

60 2351 130 2429 ῑῆρχε
149 2353 195 2433 τῷ
215 2345 384 2433 ἀνθρώπῳ
404 2346 435 2410 εί
456 2348 501 2430 μή
519 2343 576 2410 ὑπ’
598 2347 702 2411 ἀλλον
721 2346 889 2414 ἀποθάνοι
908 2347 1020 2435 ἀγηρῳ
1035 2360 1062 2400 2⁰

75 2447 232 2518 εἶναικαὶ
260 2452 417 2540 ἀθανάτῳ
440 2454 501 2518 τὸν
528 2455 646 2518 λοιπὸν
673 2456 813 2541 χρόνον,
841 2456 1021 2540 συγγνώμη

78 2560 176 2642 πολλὴ
200 2567 245 2646 τῳ
269 2558 458 2646 φειδομένῳ
485 2568 543 2642 τῆς
568 2569 689 2644 ψυχῆς·
718 2560 788 2626 ἐπεὶ
816 2559 853 2627 δὲ
882 2561 1022 2647 ὑπάρχει

60 2665 63 2712 i
82 2667 137 2752 βίῳ
162 2665 380 2752 μηκυνομένῳ
400 2667 437 2730 τό
459 2687 495 2730 τε
512 2675 617 2751 γῆρας
634 2667 751 2731 κάκιον
771 2667 810 2731 δν
828 2666 1022 2750 ἀνθρώποις

60 2760 72 2826 ’ὶ
90 2772 128 2855 μη
153 2771 325 2837 ἀθάυατον
344 2765 440 2854 εἶναι,
463 2769 517 2837 καὶ
536 2772 557 2856 η
577 2771 706 2856 ἀμαθία
724 2774 789 2856 ἤδη
809 2769 877 2837 ἐστὶ
896 2773 1020 2856 μεγάλη

60 2866 72 2932 'l
95 2880 254 2961 συνήθεια
280 2889 438 2964 πονηρῶν
465 2880 575 2961 λόγον
602 2902 637 2943 τε
664 2875 720 2942 καὶ
747 2878 1020 2964 ἐπιθυμημάτών,
1036 2890 1061 2932 ²5

61 2977 132 3065 ύιηυ
158 2995 344 3071 περιποιεῖν
376 2982 428 3049 ἐπὶ
461 2985 633 3071 δυσκλείᾳ,
666 2983 750 3050 ἀλλά
777 2987 821 3070 μὴ
850 2985 1022 3052 ἀθάνατον

60 3082 86 3145 ’τ’
109 3091 208 3176 αὐτῆς
231 3094 251 3173 †
274 3094 463 3175 λείπεσθαι,
492 3089 566 3156 ἀντὶ
590 3097 718 3176 θνητῆς
741 3092 843 3176 οὔσης
866 3093 1022 3176 εὐλογίαν

60 3181 132 3261 ’ναον
161 3195 216 3263 καὶ
249 3196 300 3262 ἀεὶ
338 3201 452 3276 ζῶσαν.
499 3199 530 3263 εί
559 3199 677 3263 τοίνυν
713 3201 799 3283 μόνη
837 3202 1022 3283 φιλοσοφία

60 3293 221 3315 N—

102 3343 132 3391 16
151 3338 186 3392 ολ.
200 3337 273 3392 Ρλελ.
288 3336 395 3392 Menex.
410 3355 437 3406 p.
453 3335 535 3392 247ss
554 3338 650 3406 (supra
663 3354 690 3406 p.
707 3343 777 3405 ⁷²24
791 3338 820 3391 et
834 3343 876 3406 91,
891 3340 944 3407 26).

60 3416 221 3438 N.—

60 3521 67 3536 .
102 3466 116 3513 5
133 3462 195 3519 fort.
217 3457 374 3516 ἐπίκεινται
387 3462 396 3531 ΙΙ
410 3467 476 3530 8sq.
496 3455 618 3516 ἀλλάττα
631 3463 690 3530 [124
705 3457 724 3531 ἡ
738 3461 892 3518 deleverim
903 3464 960 3532 W
981 3459 1023 3514 οά-

60 3527 123 3582 ’σθιιι
140 3531 209 3586 coni.
229 3533 257 3586 K
265 3534 280 3601 λ
292 3539 326 3588 28
344 3528 473 3590 ἀένναον
487 3535 498 3606 ΙΙ
513 3533 608 3604 ζῶσαν
628 3537 670 3594 ἓν.
687 3534 775 3603 ζώσει.

832 3621 876 3678 vt*
