2430 3930
358 142 630 226 Ραοοειοουιοοε
649 147 682 214 (ι.
696 145 781 214 vm).
873 129 876 134 ’
1031 145 1073 210 47

15 323 43 365 Δ.
56 307 167 372 πάντα
190 309 316 393 τρόπον
338 305 520 392 ὑπομένειν
539 307 620 373 αὐτὸ
640 307 723 392 δεῖν,
747 306 991 391 καταγέλαστον
1009 309 1074 392 ήδη

55 415 93 479 τὸ
127 413 173 498 μή
207 413 315 478 πάντα
346 415 454 478 πόνον
485 410 667 496 ὑπομένειν
699 410 754 477 καὶ
784 422 894 478 πᾶσαν
923 415 1075 498 σπουδήν

56 520 259 599 σπουδάζειν
282 520 372 596 ὅπως
393 521 553 603 κτήσηται
578 519 704 602 ταύτην
727 518 789 601 τήν
813 521 981 605 φρόνησιν
1004 521 1076 603 ήτις

55 626 223 710 γνώσεται
244 626 306 708 τήν
329 625 502 709 ἀλήθειαν.

148 734 253 816 Γνοίη
282 727 313 797 δ’
345 732 387 796 ἀν
419 754 469 808 τις
500 731 537 796 τὸ
571 730 652 796 αὐτὸ
684 728 739 795 καὶ
771 730 836 796 ἀπὸ
868 732 1012 815 τούτων,
1045 733 1077 797 εί
1088 752 1101 793 ε

56 839 265 924 θεωρήσειεν
288 835 347 903 ὑπ’
375 838 480 922 αὐγὰς
501 839 562 902 τὸν
585 836 799 922 ἀνθρώπειον
818 841 904 922 βίον.
941 839 1076 925 εὑρήσει

55 947 122 1029 γὰρ
146 946 187 1010 τδι
211 946 377 1010 δοκοῦντα
400 938 487 1009 εἶναι
509 945 635 1030 μεγάλα
659 955 729 1021 τοῖς
751 944 945 1030 ἀνθρώποις
967 946 1075 1011 πάντα

56 1053 141 1117 ὄντα
164 1052 400 1136 σκιαγραφίαν.
441 1050 525 1116 ὅθεν
547 1047 604 1115 καὶ
627 1048 756 1133 λέγεται
777 1056 886 1128 καλῶς
908 1053 945 1116 τδ
969 1049 1074 1136 μηδὲν

56 1152 147 1224 εἶναι
169 1159 229 1223 τὸν
252 1159 436 1242 ἄνθρωπον
458 1153 514 1221 καὶ
541 1158 578 1222 τὸ
602 1153 709 1241 μηδὲν
732 1151 818 1222 εἶναι
846 1155 984 1242 βέβαιον
1006 1169 1074 1223 τῶν

56 1264 296 1349 ἀνθρωπίνων.
343 1263 437 1349 ἰσχύς
464 1285 498 1328 τε
525 1264 589 1348 γδιρ
619 1260 675 1328 καὶ
702 1263 844 1347 μέγεθος
873 1262 928 1330 καὶ
955 1264 1075 1341 κάλλος
1089 1285 1115 1324 ιο

55 1369 163 1454 γέλως
186 1367 255 1435 ἐστὶ
273 1356 328 1435 καὶ
347 1369 486 1446 οὐδενὸς
504 1368 589 1452 ἀξια,
613 1369 734 1447 κάλλος
752 1393 788 1434 τε
806 1372 895 1454 παρδι
913 1373 950 1436 τὸ
970 1368 1075 1457 μηδὲν

12 1494 40 1533 11-
55 1476 143 1561 δρᾶν
167 1472 300 1563 ἀκριβὲς
319 1477 412 1541 δοκεῖ
431 1470 697 1555 εἶναιτοιοῦτον.
736 1479 767 1541 εί
783 1477 846 1562 γάρ
864 1501 915 1555 τις
933 1477 1074 1543 ἐδύνατο

55 1581 195 1666 βλέπειν
217 1581 276 1660 ὀξὺ
297 1582 449 1668 καθάπερ
472 1584 531 1648 τὸν
554 1580 688 1665 Λυγκέα
711 1587 831 1667 φασίν,
861 1584 897 1661 ὃς
925 1586 980 1651 διδ
1007 1594 1074 1649 τῶν

55 1692 182 1774 τοίχων
205 1687 291 1774 ἑώρα
314 1686 369 1754 καὶ
395 1698 464 1753 τῶν
488 1686 654 1774 δένδρων,
683 1686 755 1754 πότ’
782 1688 824 1755 δν
850 1688 965 1767 ἔδοξεν
989 1685 1078 1755 εἶναί

55 1819 135 1861 τινα
149 1796 211 1878 τήν
231 1797 310 1873 όψιν
324 1794 473 1877 ἀνεκτόν,
494 1795 583 1882 δρῶν
597 1794 630 1874 ἐξ
648 1796 731 1862 οἵων
750 1794 929 1879 συνέστηκε
948 1808 1073 1875 κακίους
1090 1817 1114 1856 15

56 1900 151 1986 τιμαὶ
175 1899 212 1967 δὲ
235 1900 290 1966 καὶ
314 1901 408 1980 δόξαι
431 1904 471 1967 τδι
495 1903 679 1986 ζηλούμενα
707 1907 834 1987 μᾶλλον
857 1914 925 1968 τῶν
949 1909 1075 1969 λοιπῶν

57 2009 242 2092 ἀδιηγήτου
272 2009 364 2093 γέμει
395 2012 575 2096 φλυαρίας·
611 2017 657 2097 τῷ
688 2010 753 2095 γὰρ
785 2016 976 2094 καθορῶντι
1007 2021 1075 2074 τῶν

57 2115 179 2181 ἀιδίων
201 2138 234 2181 τι
256 2115 392 2198 ήλόθιον
415 2113 490 2200 περὶ
514 2124 617 2180 ταῦτα
640 2116 848 2194 σπουδάζειυ.
893 2119 929 2180 τί
950 2112 980 2180 δ’
1006 2113 1075 2180 ἐστί

57 2223 187 2308 μακρὸν
210 2220 231 2305 ἢ
254 2224 290 2286 τί
308 2224 533 2306 πολυχρόνιον
555 2233 623 2288 τῶν
647 2222 887 2309 ἀνθρωπίνων;
912 2221 995 2288 ἀλλά
1019 2222 1074 2286 διδ

56 2328 120 2412 τήν
133 2324 296 2412 ἡμετέραν
311 2326 502 2411 ἀσθένειαν,
523 2322 625 2412 οἶμαι,
644 2326 699 2392 καὶ
717 2332 793 2411 βίου
812 2331 1001 2415 βραχύτητα
1019 2328 1074 2394 καὶ
1089 2350 1115 2390 το

57 2443 157 2499 τοῦτο
185 2435 340 2517 φαίνεται
367 2435 462 2500 πολύ.
507 2436 558 2511 τίς
586 2433 628 2498 ἀν
657 2429 719 2500 οὖν
743 2438 790 2511 είς
816 2446 920 2501 ταῦτα
943 2435 1075 2520 βλέπων

16 2556 43 2596 A·
57 2547 164 2606 οἴοιτο
188 2540 358 2624 εὐδαίμων
377 2534 464 2606 εἶναι
486 2538 542 2606 καὶ
560 2542 731 2627 μακάριος,
757 2545 792 2607 οἳ
811 2554 945 2629 πρῶτον
969 2545 1074 2621 εὐθὺς

56 2648 160 2731 φύσει
192 2644 414 2731 συνέσταμεν,
450 2647 603 2733 καθάπερ
640 2646 745 2732 φασὶν
782 2649 818 2714 οί
850 2651 908 2726 τδις
944 2651 1074 2726 τελετὰς

56 2751 227 2836 λέγοντες,
255 2753 365 2838 ὥσπερ
393 2751 435 2818 δν
463 2751 516 2818 ἐπὶ
543 2758 684 2840 τιμωρίᾳ
715 2755 848 2833 πόντιος
882 2765 981 2821 τοῦτο
1009 2757 1073 2841 γδιρ

56 2862 160 2936 θείως
188 2860 224 2925 οί
248 2858 456 2946 ἀρχαιότεροι
484 2858 620 2944 λέγουσι
648 2862 686 2925 τὸ
715 2861 819 2945 φάναι
851 2862 984 2928 διδόναι
1012 2865 1072 2948 τήν
1086 2880 1112 2921 2⁵

55 2978 278 3085 -Ῑρῗε-ε,
293 3022 325 3070 21
346 3014 431 3071 Arist.
450 3016 483 3070 fr.
498 3024 540 3071 το,
556 3024 598 3072 εο.
613 3023 646 3070 οι
657 3017 690 3071 R.
710 3020 746 3088 (p.
763 3025 805 3086 ιο,
822 3028 915 3088 ι-τε,
931 3027 964 3073 οε
979 3022 988 3089 η
1003 3027 1018 3073 8
1038 3022 1072 3075 of.

56 3088 144 3156 Soph.
164 3086 208 3143 At
224 3092 325 3154 12bsq.
340 3088 380 3154 119
400 3087 433 3142 ef.
453 3086 558 3156 Diphil.
573 3089 626 3143 ino.
642 3089 698 3144 fab.
713 3088 745 3144 fr.
761 3096 811 3144 27⁸
828 3091 877 3159 (IV
892 3097 944 3145 424
954 3092 1050 3161 Mein.)
1063 3092 1073 3164 ή

55 3164 90 3212 23
108 3156 137 3212 οί
149 3157 199 3220 τὰς
213 3162 267 3212 τελ.
277 3157 347 3229 κτλ]
363 3159 397 3212 cf.
412 3157 525 3213 Lobeck
534 3159 673 3230 Aglaoph.
688 3178 715 3230 p.
731 3168 782 3216 796
796 3163 920 3240 itemque
931 3179 957 3230 p.
969 3169 1002 3218 89
1012 3179 1072 3231 sqq.

147 3305 164 3352 2
182 3298 273 3353 πόνον
291 3303 391 3353 πονεῖν
410 3316 463 3354 em.
482 3302 555 3356 Rose
572 3304 582 3371 ΙΙ
602 3307 633 3356 11
657 3303 700 3374 τε]
724 3321 755 3371 γε
774 3303 847 3358 Rose
865 3306 875 3372 ΙΙ
893 3309 927 3357 13
946 3303 1051 3373 λυγγέα
1065 3305 1073 3377 l}

57 3376 92 3423 14
112 3365 192 3457 miv]
211 3372 271 3432 πῶς
285 3387 340 3457 ρετ.
355 3369 381 3423 Κ
395 3372 404 3438 ΙΙ
420 3377 456 3453 15.
471 3367 593 3428 ἀνεκτὸν
612 3369 682 3443 ὁρᾶν
700 3373 774 3428 Rose
788 3376 797 3443 ΙΙ
813 3380 845 3429 19
864 3377 895 3429 τί
910 3392 1045 3445 superscr.
1065 3380 1073 3447 λ.

56 3448 91 3496 21
111 3443 190 3496 πολυ.
221 3443 263 3505 τίς
281 3462 318 3496 αν
337 3439 503 3498 valcamus:
524 3442 595 3500 πολό
610 3464 644 3500 τι.
678 3441 730 3500 ἐὰν
743 3447 753 3514 ΙΙ
767 3451 800 3499 22
821 3444 848 3500 οἳ
868 3463 901 3502 ex
916 3446 971 3504 ciz.
987 3449 1072 3502 Rosa:

56 3510 96 3567 οίε
118 3511 161 3575 οἷς
178 3511 212 3567 A.
