<?xml version="1.0" encoding="UTF-8"?>
<!DOCTYPE html PUBLIC "-//W3C//DTD XHTML 1.0 Transitional//EN"
    "http://www.w3.org/TR/xhtml1/DTD/xhtml1-transitional.dtd">
<html xmlns="http://www.w3.org/1999/xhtml" xml:lang="en" lang="en">
 <head>
  <title>
</title>
<meta http-equiv="Content-Type" content="text/html;charset=utf-8" />
  <meta name='ocr-system' content='tesseract 3.04.00' />
  <meta name='ocr-capabilities' content='ocr_page ocr_carea ocr_par ocr_line ocrx_word'/>
</head>
<body>
  <div class='ocr_page' id='page_1' title='image "./iamblichiprotre01jambgoog_0114.png"; bbox 0 0 2400 3930; ppageno 0'>
   <div class='ocr_carea' id='block_1_1' title="bbox 306 150 1064 223">
    <p class='ocr_par' dir='ltr' id='par_1_1' title="bbox 306 150 1064 223">
     <span class='ocr_line' id='line_1_1' title="bbox 306 150 1064 223; baseline 0.003 -17"><span class='ocrx_word' id='word_1_1' title='bbox 306 150 580 208; x_wconf 71' lang='lat' dir='ltr'>PROTREPTICUS</span> <span class='ocrx_word' id='word_1_2' title='bbox 601 155 634 223; x_wconf 82' lang='grc' dir='ltr'><em>(ι,</em></span> <span class='ocrx_word' id='word_1_3' title='bbox 649 152 721 208; x_wconf 86' lang='lat' dir='ltr'><strong>x1x.</strong></span> <span class='ocrx_word' id='word_1_4' title='bbox 737 153 808 223; x_wconf 77' lang='lat' dir='ltr'>xx).</span> <span class='ocrx_word' id='word_1_5' title='bbox 1021 155 1064 220; x_wconf 85' lang='lat'><em>93</em></span> 
     </span>
    </p>
   </div>
   <div class='ocr_carea' id='block_1_2' title="bbox 10 312 1110 3263">
    <p class='ocr_par' dir='ltr' id='par_1_2' title="bbox 40 312 1066 717">
     <span class='ocr_line' id='line_1_2' title="bbox 40 312 1064 399; baseline 0.005 -21"><span class='ocrx_word' id='word_1_6' title='bbox 40 313 162 397; x_wconf 83' lang='grc' dir='ltr'><em>ἀγαθά</em></span> <span class='ocrx_word' id='word_1_7' title='bbox 193 313 336 399; x_wconf 76' lang='grc' dir='ltr'><em>λέγεται·</em></span> <span class='ocrx_word' id='word_1_8' title='bbox 368 312 424 379; x_wconf 80' lang='grc' dir='ltr'><em>καὶ</em></span> <span class='ocrx_word' id='word_1_9' title='bbox 455 315 519 398; x_wconf 90' lang='grc' dir='ltr'><em>γάρ</em></span> <span class='ocrx_word' id='word_1_10' title='bbox 549 312 609 392; x_wconf 82' lang='grc' dir='ltr'><em>ὀξύ</em></span> <span class='ocrx_word' id='word_1_11' title='bbox 640 314 723 399; x_wconf 83' lang='grc' dir='ltr'><em>ὁρῶν</em></span> <span class='ocrx_word' id='word_1_12' title='bbox 754 312 810 380; x_wconf 84' lang='grc' dir='ltr'><em>καὶ</em></span> <span class='ocrx_word' id='word_1_13' title='bbox 843 315 978 381; x_wconf 84' lang='grc' dir='ltr'><em>ἀκούειν</em></span> <span class='ocrx_word' id='word_1_14' title='bbox 1010 316 1064 383; x_wconf 85' lang='grc' dir='ltr'><em>καὶ</em></span> 
     </span>
     <span class='ocr_line' id='line_1_3' title="bbox 45 420 1064 507; baseline 0.002 -21"><span class='ocrx_word' id='word_1_15' title='bbox 45 420 154 487; x_wconf 84' lang='grc' dir='ltr'><em>πάντα</em></span> <span class='ocrx_word' id='word_1_16' title='bbox 183 421 246 486; x_wconf 83' lang='grc' dir='ltr'><em>ὅσα</em></span> <span class='ocrx_word' id='word_1_17' title='bbox 273 422 380 506; x_wconf 80' lang='grc' dir='ltr'><em>ἔχεται</em></span> <span class='ocrx_word' id='word_1_18' title='bbox 406 431 475 486; x_wconf 91' lang='grc' dir='ltr'><em>τῶν</em></span> <span class='ocrx_word' id='word_1_19' title='bbox 507 421 699 504; x_wconf 82' lang='grc' dir='ltr'><em>αἰσθήσεων</em></span> <span class='ocrx_word' id='word_1_20' title='bbox 731 421 938 506; x_wconf 77' lang='grc' dir='ltr'><em>εὐαισθήτως</em></span> <span class='ocrx_word' id='word_1_21' title='bbox 966 425 1064 507; x_wconf 75' lang='grc' dir='ltr'><em>ἔχειν,</em></span> 
     </span>
     <span class='ocr_line' id='line_1_4' title="bbox 52 522 1064 613; baseline 0.004 -24"><span class='ocrx_word' id='word_1_22' title='bbox 52 526 97 590; x_wconf 73' lang='grc' dir='ltr'><em>ἔτι</em></span> <span class='ocrx_word' id='word_1_23' title='bbox 119 522 157 593; x_wconf 74' lang='grc' dir='ltr'><em>δὲ</em></span> <span class='ocrx_word' id='word_1_24' title='bbox 184 524 241 592; x_wconf 83' lang='grc' dir='ltr'><em>καὶ</em></span> <span class='ocrx_word' id='word_1_25' title='bbox 268 527 306 590; x_wconf 89' lang='grc' dir='ltr'><em>τὸ</em></span> <span class='ocrx_word' id='word_1_26' title='bbox 329 535 438 592; x_wconf 84' lang='grc' dir='ltr'><em>ποιεῖν</em></span> <span class='ocrx_word' id='word_1_27' title='bbox 461 535 693 611; x_wconf 80' lang='grc' dir='ltr'><strong><em>τυραννοῦντα</em></strong></span> <span class='ocrx_word' id='word_1_28' title='bbox 717 527 735 591; x_wconf 85' lang='grc' dir='ltr'>ὅ</span> <span class='ocrx_word' id='word_1_29' title='bbox 758 549 790 591; x_wconf 94' lang='grc' dir='ltr'><em>τι</em></span> <span class='ocrx_word' id='word_1_30' title='bbox 818 526 882 592; x_wconf 88' lang='grc' dir='ltr'><em>δάν</em></span> <span class='ocrx_word' id='word_1_31' title='bbox 905 527 1064 613; x_wconf 73' lang='grc' dir='ltr'><em>ἐπιθυμῇ,</em></span> 
     </span>
     <span class='ocr_line' id='line_1_5' title="bbox 56 628 1066 717; baseline 0.003 -22"><span class='ocrx_word' id='word_1_32' title='bbox 56 629 164 697; x_wconf 82' lang='grc' dir='ltr'><em>καὶτὸ</em></span> <span class='ocrx_word' id='word_1_33' title='bbox 188 633 230 716; x_wconf 87' lang='grc' dir='ltr'><em>δή</em></span> <span class='ocrx_word' id='word_1_34' title='bbox 253 629 346 708; x_wconf 79' lang='grc' dir='ltr'><em>τέλος</em></span> <span class='ocrx_word' id='word_1_35' title='bbox 368 630 496 714; x_wconf 87' lang='grc' dir='ltr'><em>ἀπάσης</em></span> <span class='ocrx_word' id='word_1_36' title='bbox 519 634 760 717; x_wconf 77' lang='grc' dir='ltr'><em>μακαριότητος</em></span> <span class='ocrx_word' id='word_1_37' title='bbox 787 628 873 698; x_wconf 80' lang='grc' dir='ltr'><em>εἶναι</em></span> <span class='ocrx_word' id='word_1_38' title='bbox 896 635 934 698; x_wconf 84' lang='grc' dir='ltr'><em>τὸ</em></span> <span class='ocrx_word' id='word_1_39' title='bbox 957 635 1066 698; x_wconf 92' lang='grc' dir='ltr'><em>πάντα</em></span> 
     </span>
    </p>

    <p class='ocr_par' dir='ltr' id='par_1_3' title="bbox 10 733 1092 1246">
     <span class='ocr_line' id='line_1_6' title="bbox 10 733 1092 824; baseline -0.004 -19"><span class='ocrx_word' id='word_1_40' title='bbox 10 794 15 805; x_wconf 83' lang='grc'><em>.</em></span> <span class='ocrx_word' id='word_1_41' title='bbox 61 746 151 803; x_wconf 83' lang='grc' dir='ltr'><em>ταῦτα</em></span> <span class='ocrx_word' id='word_1_42' title='bbox 186 736 389 823; x_wconf 79' lang='grc' dir='ltr'><em>κεκτημένον</em></span> <span class='ocrx_word' id='word_1_43' title='bbox 426 738 599 804; x_wconf 88' lang='grc' dir='ltr'><em>ἀθάνατον</em></span> <span class='ocrx_word' id='word_1_44' title='bbox 636 733 722 804; x_wconf 82' lang='grc' dir='ltr'><em>εἶναι</em></span> <span class='ocrx_word' id='word_1_45' title='bbox 758 742 942 824; x_wconf 90' lang='grc' dir='ltr'><em>γενόμενον</em></span> <span class='ocrx_word' id='word_1_46' title='bbox 979 740 997 804; x_wconf 83' lang='grc' dir='ltr'>ὅ</span> <span class='ocrx_word' id='word_1_47' title='bbox 1033 760 1092 804; x_wconf 84' lang='grc' dir='ltr'><em>τιι</em></span> 
     </span>
     <span class='ocr_line' id='line_1_7' title="bbox 10 826 1066 929; baseline 0.004 -23"><span class='ocrx_word' id='word_1_48' title='bbox 10 826 12 837; x_wconf 54' lang='grc'><strong>’</strong></span> <span class='ocrx_word' id='word_1_49' title='bbox 65 843 192 928; x_wconf 87' lang='grc' dir='ltr'><em>τάχιστα.</em></span> <span class='ocrx_word' id='word_1_50' title='bbox 238 842 257 909; x_wconf 85' lang='grc' dir='ltr'>ὁ</span> <span class='ocrx_word' id='word_1_51' title='bbox 286 841 323 909; x_wconf 77' lang='grc' dir='ltr'><em>δὲ</em></span> <span class='ocrx_word' id='word_1_52' title='bbox 347 844 423 927; x_wconf 78' lang='grc' dir='ltr'><em>ἐμὸς</em></span> <span class='ocrx_word' id='word_1_53' title='bbox 450 847 550 928; x_wconf 88' lang='grc' dir='ltr'><em>λόγος</em></span> <span class='ocrx_word' id='word_1_54' title='bbox 571 842 649 909; x_wconf 83' lang='grc' dir='ltr'><em>ταδὶ</em></span> <span class='ocrx_word' id='word_1_55' title='bbox 672 842 775 929; x_wconf 86' lang='grc' dir='ltr'><em>λε’γει,</em></span> <span class='ocrx_word' id='word_1_56' title='bbox 804 845 849 922; x_wconf 84' lang='grc' dir='ltr'><em>ῶς</em></span> <span class='ocrx_word' id='word_1_57' title='bbox 871 846 974 911; x_wconf 85' lang='grc' dir='ltr'><em>ταῦτά</em></span> <span class='ocrx_word' id='word_1_58' title='bbox 997 846 1066 912; x_wconf 79' lang='grc' dir='ltr'><em>ἐστι</em></span> 
     </span>
     <span class='ocr_line' id='line_1_8' title="bbox 69 946 1066 1036; baseline 0.001 -21"><span class='ocrx_word' id='word_1_59' title='bbox 69 946 221 1034; x_wconf 78' lang='grc' dir='ltr'><em>ξύμπαντα</em></span> <span class='ocrx_word' id='word_1_60' title='bbox 253 950 395 1026; x_wconf 89' lang='grc' dir='ltr'><em>δικαίοις</em></span> <span class='ocrx_word' id='word_1_61' title='bbox 431 946 492 1034; x_wconf 74' lang='grc' dir='ltr'><em>μὲν</em></span> <span class='ocrx_word' id='word_1_62' title='bbox 526 947 582 1014; x_wconf 81' lang='grc' dir='ltr'><em>καὶ</em></span> <span class='ocrx_word' id='word_1_63' title='bbox 614 949 720 1026; x_wconf 82' lang='grc' dir='ltr'><em>ὁσίοις</em></span> <span class='ocrx_word' id='word_1_64' title='bbox 752 950 916 1035; x_wconf 74' lang='grc' dir='ltr'><em>ἀνδράσιν</em></span> <span class='ocrx_word' id='word_1_65' title='bbox 948 952 1066 1036; x_wconf 90' lang='grc' dir='ltr'><em>άριστα</em></span> 
     </span>
     <span class='ocr_line' id='line_1_9' title="bbox 71 1040 1064 1140; baseline 0.001 -20"><span class='ocrx_word' id='word_1_66' title='bbox 71 1058 207 1140; x_wconf 78' lang='grc' dir='ltr'><em>κτήματα,</em></span> <span class='ocrx_word' id='word_1_67' title='bbox 231 1053 359 1131; x_wconf 90' lang='grc' dir='ltr'><em>ἀδίκοις</em></span> <span class='ocrx_word' id='word_1_68' title='bbox 382 1050 419 1120; x_wconf 65' lang='grc' dir='ltr'><em>δὲ</em></span> <span class='ocrx_word' id='word_1_69' title='bbox 441 1055 579 1120; x_wconf 89' lang='grc' dir='ltr'><em>κάκιστα</em></span> <span class='ocrx_word' id='word_1_70' title='bbox 603 1040 786 1138; x_wconf 76' lang='grc' dir='ltr'><em>ξύμπαντα,</em></span> <span class='ocrx_word' id='word_1_71' title='bbox 810 1055 976 1140; x_wconf 80' lang='grc' dir='ltr'><em>ἀρξάμενα</em></span> <span class='ocrx_word' id='word_1_72' title='bbox 1001 1056 1064 1121; x_wconf 91' lang='grc' dir='ltr'><em>ἀπὸ</em></span> 
     </span>
     <span class='ocr_line' id='line_1_10' title="bbox 73 1157 1065 1246; baseline 0.005 -24"><span class='ocrx_word' id='word_1_73' title='bbox 73 1168 113 1244; x_wconf 75' lang='grc' dir='ltr'><em>τῆς</em></span> <span class='ocrx_word' id='word_1_74' title='bbox 136 1162 256 1245; x_wconf 93' lang='grc' dir='ltr'><em>ὑγείας.</em></span> <span class='ocrx_word' id='word_1_75' title='bbox 302 1157 357 1225; x_wconf 80' lang='grc' dir='ltr'><em>καὶ</em></span> <span class='ocrx_word' id='word_1_76' title='bbox 385 1160 426 1244; x_wconf 86' lang='grc' dir='ltr'><em>δή</em></span> <span class='ocrx_word' id='word_1_77' title='bbox 454 1157 510 1224; x_wconf 81' lang='grc' dir='ltr'><em>καὶ</em></span> <span class='ocrx_word' id='word_1_78' title='bbox 537 1162 575 1226; x_wconf 87' lang='grc' dir='ltr'><em>τὸ</em></span> <span class='ocrx_word' id='word_1_79' title='bbox 603 1159 687 1246; x_wconf 86' lang='grc' dir='ltr'><em>ὁρῶν</em></span> <span class='ocrx_word' id='word_1_80' title='bbox 709 1159 764 1226; x_wconf 86' lang='grc' dir='ltr'><em>καὶ</em></span> <span class='ocrx_word' id='word_1_81' title='bbox 791 1161 828 1226; x_wconf 92' lang='grc' dir='ltr'><em>τὸ</em></span> <span class='ocrx_word' id='word_1_82' title='bbox 853 1161 987 1226; x_wconf 81' lang='grc' dir='ltr'><em>ἀκούειν</em></span> <span class='ocrx_word' id='word_1_83' title='bbox 1010 1161 1065 1227; x_wconf 82' lang='grc' dir='ltr'><em>καὶ</em></span> 
     </span>
    </p>

    <p class='ocr_par' dir='ltr' id='par_1_4' title="bbox 73 1264 1107 1780">
     <span class='ocr_line' id='line_1_11' title="bbox 74 1264 1107 1353; baseline 0.001 -24"><span class='ocrx_word' id='word_1_84' title='bbox 74 1264 354 1334; x_wconf 72' lang='grc' dir='ltr'><em>αἰσθάνεσθαικαὶ</em></span> <span class='ocrx_word' id='word_1_85' title='bbox 377 1267 414 1330; x_wconf 92' lang='grc' dir='ltr'><em>τὸ</em></span> <span class='ocrx_word' id='word_1_86' title='bbox 437 1267 593 1350; x_wconf 91' lang='grc' dir='ltr'><em>παράπαν</em></span> <span class='ocrx_word' id='word_1_87' title='bbox 618 1270 675 1350; x_wconf 79' lang='grc' dir='ltr'><em>ζήν</em></span> <span class='ocrx_word' id='word_1_88' title='bbox 699 1266 856 1352; x_wconf 83' lang='grc' dir='ltr'><em>μέγιστον</em></span> <span class='ocrx_word' id='word_1_89' title='bbox 878 1264 939 1353; x_wconf 74' lang='grc' dir='ltr'><em>μὲν</em></span> <span class='ocrx_word' id='word_1_90' title='bbox 962 1270 1065 1334; x_wconf 89' lang='grc' dir='ltr'><em>κακὸν</em></span> <span class='ocrx_word' id='word_1_91' title='bbox 1082 1290 1107 1330; x_wconf 88' lang='lat'><em>10</em></span> 
     </span>
     <span class='ocr_line' id='line_1_12' title="bbox 74 1371 1067 1460; baseline 0.009 -28"><span class='ocrx_word' id='word_1_92' title='bbox 74 1371 116 1438; x_wconf 88' lang='grc' dir='ltr'><em>τὸν</em></span> <span class='ocrx_word' id='word_1_93' title='bbox 136 1375 305 1459; x_wconf 81' lang='grc' dir='ltr'><em>ξύμπαντα</em></span> <span class='ocrx_word' id='word_1_94' title='bbox 328 1374 453 1458; x_wconf 88' lang='grc' dir='ltr'><em>χρόνον</em></span> <span class='ocrx_word' id='word_1_95' title='bbox 476 1372 651 1438; x_wconf 91' lang='grc' dir='ltr'><em>ἀθάνατον</em></span> <span class='ocrx_word' id='word_1_96' title='bbox 680 1374 760 1439; x_wconf 78' lang='grc' dir='ltr'><em>ὄντα</em></span> <span class='ocrx_word' id='word_1_97' title='bbox 787 1371 843 1438; x_wconf 84' lang='grc' dir='ltr'><em>καὶ</em></span> <span class='ocrx_word' id='word_1_98' title='bbox 866 1374 1067 1460; x_wconf 81' lang='grc' dir='ltr'><em>κεκτημένον</em></span> 
     </span>
     <span class='ocr_line' id='line_1_13' title="bbox 73 1464 1068 1566; baseline 0.007 -26"><span class='ocrx_word' id='word_1_99' title='bbox 73 1478 157 1546; x_wconf 85' lang='grc' dir='ltr'><em>πάντα</em></span> <span class='ocrx_word' id='word_1_100' title='bbox 175 1481 216 1546; x_wconf 86' lang='grc' dir='ltr'><em>τά</em></span> <span class='ocrx_word' id='word_1_101' title='bbox 235 1481 396 1562; x_wconf 89' lang='grc' dir='ltr'><em>λεγόμενα</em></span> <span class='ocrx_word' id='word_1_102' title='bbox 411 1464 523 1561; x_wconf 84' lang='grc' dir='ltr'><em>ἀγαθά</em></span> <span class='ocrx_word' id='word_1_103' title='bbox 541 1479 629 1562; x_wconf 86' lang='grc' dir='ltr'><em>πλήν</em></span> <span class='ocrx_word' id='word_1_104' title='bbox 644 1480 860 1564; x_wconf 81' lang='grc' dir='ltr'><em>δικαιοσύνης</em></span> <span class='ocrx_word' id='word_1_105' title='bbox 877 1480 933 1546; x_wconf 83' lang='grc' dir='ltr'><em>καὶ</em></span> <span class='ocrx_word' id='word_1_106' title='bbox 951 1481 1068 1566; x_wconf 86' lang='grc' dir='ltr'><em>ἀρετής</em></span> 
     </span>
     <span class='ocr_line' id='line_1_14' title="bbox 74 1579 1068 1671; baseline 0.006 -27"><span class='ocrx_word' id='word_1_107' title='bbox 74 1579 190 1671; x_wconf 85' lang='grc' dir='ltr'><em>ἀπάσης,</em></span> <span class='ocrx_word' id='word_1_108' title='bbox 211 1588 348 1649; x_wconf 78' lang='grc' dir='ltr'><em>ἔλαττον</em></span> <span class='ocrx_word' id='word_1_109' title='bbox 363 1583 410 1667; x_wconf 87' lang='grc' dir='ltr'><em>δί,</em></span> <span class='ocrx_word' id='word_1_110' title='bbox 430 1583 472 1648; x_wconf 88' lang='grc' dir='ltr'><em>ἀν</em></span> <span class='ocrx_word' id='word_1_111' title='bbox 487 1583 531 1660; x_wconf 84' lang='grc' dir='ltr'><em>ὡς</em></span> <span class='ocrx_word' id='word_1_112' title='bbox 550 1583 719 1668; x_wconf 76' lang='grc' dir='ltr'><em>ὀλίγιστον</em></span> <span class='ocrx_word' id='word_1_113' title='bbox 738 1584 756 1650; x_wconf 89' lang='grc' dir='ltr'>ὁ</span> <span class='ocrx_word' id='word_1_114' title='bbox 774 1595 926 1663; x_wconf 87' lang='grc' dir='ltr'><em>τοιοῦτος</em></span> <span class='ocrx_word' id='word_1_115' title='bbox 944 1589 1068 1671; x_wconf 90' lang='grc' dir='ltr'><em>χρόνον</em></span> 
     </span>
     <span class='ocr_line' id='line_1_15' title="bbox 75 1684 1068 1780; baseline 0.008 -29"><span class='ocrx_word' id='word_1_116' title='bbox 75 1684 179 1780; x_wconf 73' lang='grc' dir='ltr'><em>ἐπιζήη.</em></span> <span class='ocrx_word' id='word_1_117' title='bbox 224 1689 310 1775; x_wconf 82' lang='grc' dir='ltr'><em>λέγω</em></span> <span class='ocrx_word' id='word_1_118' title='bbox 337 1692 401 1774; x_wconf 90' lang='grc' dir='ltr'><em>γάρ</em></span> <span class='ocrx_word' id='word_1_119' title='bbox 433 1691 474 1773; x_wconf 84' lang='grc' dir='ltr'><em>δὴ</em></span> <span class='ocrx_word' id='word_1_120' title='bbox 504 1701 619 1775; x_wconf 82' lang='grc' dir='ltr'><em>σαφῶς</em></span> <span class='ocrx_word' id='word_1_121' title='bbox 645 1693 686 1755; x_wconf 90' lang='grc' dir='ltr'><em>τά</em></span> <span class='ocrx_word' id='word_1_122' title='bbox 715 1688 777 1776; x_wconf 73' lang='grc' dir='ltr'><em>μὲν</em></span> <span class='ocrx_word' id='word_1_123' title='bbox 800 1693 883 1756; x_wconf 90' lang='grc' dir='ltr'><em>κακά</em></span> <span class='ocrx_word' id='word_1_124' title='bbox 907 1695 1068 1777; x_wconf 87' lang='grc' dir='ltr'><em>λεγόμενα</em></span> 
     </span>
    </p>

    <p class='ocr_par' dir='ltr' id='par_1_5' title="bbox 10 1766 1107 2314">
     <span class='ocr_line' id='line_1_16' title="bbox 10 1766 1107 1880; baseline -0.002 -19"><span class='ocrx_word' id='word_1_125' title='bbox 10 1766 18 1797; x_wconf 59' lang='lat'>³</span> <span class='ocrx_word' id='word_1_126' title='bbox 76 1791 165 1876; x_wconf 74' lang='grc' dir='ltr'><em>ἀγαθὰ</em></span> <span class='ocrx_word' id='word_1_127' title='bbox 182 1784 253 1874; x_wconf 92' lang='grc' dir='ltr'><em>τοῖς</em></span> <span class='ocrx_word' id='word_1_128' title='bbox 272 1782 399 1873; x_wconf 87' lang='grc' dir='ltr'><em>ἀδίκοις</em></span> <span class='ocrx_word' id='word_1_129' title='bbox 421 1791 517 1879; x_wconf 78' lang='grc' dir='ltr'><em>εἶναι,</em></span> <span class='ocrx_word' id='word_1_130' title='bbox 540 1807 610 1872; x_wconf 89' lang='grc' dir='ltr'><em>τοῖς</em></span> <span class='ocrx_word' id='word_1_131' title='bbox 633 1793 671 1861; x_wconf 75' lang='grc' dir='ltr'><em>δὲ</em></span> <span class='ocrx_word' id='word_1_132' title='bbox 690 1798 832 1873; x_wconf 89' lang='grc' dir='ltr'><em>δικαίοις</em></span> <span class='ocrx_word' id='word_1_133' title='bbox 853 1798 947 1880; x_wconf 94' lang='grc' dir='ltr'><em>κακά,</em></span> <span class='ocrx_word' id='word_1_134' title='bbox 970 1800 1010 1862; x_wconf 92' lang='grc' dir='ltr'><em>τά</em></span> <span class='ocrx_word' id='word_1_135' title='bbox 1031 1797 1067 1865; x_wconf 76' lang='grc' dir='ltr'><em>δὲ</em></span> <span class='ocrx_word' id='word_1_136' title='bbox 1083 1820 1107 1860; x_wconf 82' lang='lat'><em>15</em></span> 
     </span>
     <span class='ocr_line' id='line_1_17' title="bbox 16 1897 1068 1988; baseline 0.004 -22"><span class='ocrx_word' id='word_1_137' title='bbox 16 1898 21 1987; x_wconf 33' lang='grc' dir='ltr'>ζ</span> <span class='ocrx_word' id='word_1_138' title='bbox 78 1897 169 1981; x_wconf 76' lang='grc' dir='ltr'><em>ἀγαθά</em></span> <span class='ocrx_word' id='word_1_139' title='bbox 191 1914 261 1980; x_wconf 92' lang='grc' dir='ltr'><em>τοῖς</em></span> <span class='ocrx_word' id='word_1_140' title='bbox 284 1900 345 1988; x_wconf 78' lang='grc' dir='ltr'><em>μὲν</em></span> <span class='ocrx_word' id='word_1_141' title='bbox 368 1902 510 1986; x_wconf 78' lang='grc' dir='ltr'><em>ἀγαθοῖς</em></span> <span class='ocrx_word' id='word_1_142' title='bbox 534 1904 639 1978; x_wconf 76' lang='grc' dir='ltr'><em>ὄντος</em></span> <span class='ocrx_word' id='word_1_143' title='bbox 661 1902 783 1987; x_wconf 85' lang='grc' dir='ltr'><em>ἀγαθά,</em></span> <span class='ocrx_word' id='word_1_144' title='bbox 806 1914 876 1979; x_wconf 91' lang='grc' dir='ltr'><em>τοῖς</em></span> <span class='ocrx_word' id='word_1_145' title='bbox 900 1901 937 1968; x_wconf 71' lang='grc' dir='ltr'><em>δὲ</em></span> <span class='ocrx_word' id='word_1_146' title='bbox 955 1916 1068 1982; x_wconf 84' lang='grc' dir='ltr'><em>κακοῖς</em></span> 
     </span>
     <span class='ocr_line' id='line_1_18' title="bbox 11 1996 1069 2095; baseline 0.004 -23"><span class='ocrx_word' id='word_1_147' title='bbox 11 1996 25 2095; x_wconf 44' lang='lat'><em>³,</em></span> <span class='ocrx_word' id='word_1_148' title='bbox 78 2010 147 2076; x_wconf 77' lang='grc' dir='ltr'><em>κακά.</em></span> <span class='ocrx_word' id='word_1_149' title='bbox 182 2008 239 2076; x_wconf 80' lang='grc' dir='ltr'><em>καὶ</em></span> <span class='ocrx_word' id='word_1_150' title='bbox 254 2008 272 2074; x_wconf 88' lang='grc' dir='ltr'><em>ὑ</em></span> <span class='ocrx_word' id='word_1_151' title='bbox 288 2006 348 2092; x_wconf 74' lang='grc' dir='ltr'><em>μὲν</em></span> <span class='ocrx_word' id='word_1_152' title='bbox 366 2008 489 2086; x_wconf 76' lang='grc' dir='ltr'><em>ἀδίκοις</em></span> <span class='ocrx_word' id='word_1_153' title='bbox 509 2012 572 2087; x_wconf 82' lang='grc' dir='ltr'><em>ζῶν</em></span> <span class='ocrx_word' id='word_1_154' title='bbox 585 2007 640 2073; x_wconf 86' lang='grc' dir='ltr'><em>καὶ</em></span> <span class='ocrx_word' id='word_1_155' title='bbox 658 2007 857 2093; x_wconf 84' lang='grc' dir='ltr'><em>ὑβριστικῶς</em></span> <span class='ocrx_word' id='word_1_156' title='bbox 875 2008 1069 2095; x_wconf 82' lang='grc' dir='ltr'><em>ἐξάνάγκης</em></span> 
     </span>
     <span class='ocr_line' id='line_1_19' title="bbox 79 2113 1069 2203; baseline 0.004 -24.757"><span class='ocrx_word' id='word_1_157' title='bbox 79 2113 198 2203; x_wconf 74' lang='grc' dir='ltr'><em>αἰσχρῶς</em></span> <span class='ocrx_word' id='word_1_158' title='bbox 218 2121 265 2202; x_wconf 80' lang='grc' dir='ltr'><em>ζή,</em></span> <span class='ocrx_word' id='word_1_159' title='bbox 289 2117 320 2181; x_wconf 89' lang='grc' dir='ltr'><em>εί</em></span> <span class='ocrx_word' id='word_1_160' title='bbox 337 2113 373 2181; x_wconf 76' lang='grc' dir='ltr'><em>δὲ</em></span> <span class='ocrx_word' id='word_1_161' title='bbox 393 2117 546 2202; x_wconf 80' lang='grc' dir='ltr'><em>αἰσχρῶς,</em></span> <span class='ocrx_word' id='word_1_162' title='bbox 565 2113 619 2180; x_wconf 85' lang='grc' dir='ltr'><em>καὶ</em></span> <span class='ocrx_word' id='word_1_163' title='bbox 638 2125 759 2191; x_wconf 89' lang='grc' dir='ltr'><em>κακῶς·</em></span> <span class='ocrx_word' id='word_1_164' title='bbox 783 2116 867 2180; x_wconf 82' lang='grc' dir='ltr'><em>ὥστε</em></span> <span class='ocrx_word' id='word_1_165' title='bbox 885 2114 939 2180; x_wconf 85' lang='grc' dir='ltr'><em>καὶ</em></span> <span class='ocrx_word' id='word_1_166' title='bbox 958 2116 1069 2200; x_wconf 91' lang='grc' dir='ltr'><em>ἀηδῶς</em></span> 
     </span>
     <span class='ocr_line' id='line_1_20' title="bbox 79 2215 1068 2312; baseline 0.005 -26.683"><span class='ocrx_word' id='word_1_167' title='bbox 79 2215 104 2298; x_wconf 71' lang='grc' dir='ltr'><em>ζῇ</em></span> <span class='ocrx_word' id='word_1_168' title='bbox 120 2222 167 2288; x_wconf 85' lang='grc' dir='ltr'><em>καὶ</em></span> <span class='ocrx_word' id='word_1_169' title='bbox 187 2224 228 2288; x_wconf 88' lang='grc' dir='ltr'><em>ού</em></span> <span class='ocrx_word' id='word_1_170' title='bbox 248 2221 482 2307; x_wconf 84' lang='grc' dir='ltr'><em>ξυμφερόντως</em></span> <span class='ocrx_word' id='word_1_171' title='bbox 502 2220 621 2312; x_wconf 74' lang='grc' dir='ltr'><em>ἑαυτῷ·</em></span> <span class='ocrx_word' id='word_1_172' title='bbox 645 2223 705 2287; x_wconf 92' lang='grc' dir='ltr'><em>τὸν</em></span> <span class='ocrx_word' id='word_1_173' title='bbox 724 2222 787 2306; x_wconf 86' lang='grc' dir='ltr'><em>γάρ</em></span> <span class='ocrx_word' id='word_1_174' title='bbox 807 2221 909 2287; x_wconf 88' lang='grc' dir='ltr'><em>αὐτὸν</em></span> <span class='ocrx_word' id='word_1_175' title='bbox 930 2223 1068 2306; x_wconf 79' lang='grc' dir='ltr'><em>ἥδιστόν</em></span> 
     </span>
    </p>

    <p class='ocr_par' dir='ltr' id='par_1_6' title="bbox 10 2324 1110 2840">
     <span class='ocr_line' id='line_1_21' title="bbox 10 2324 1110 2415; baseline -0.003 -22"><span class='ocrx_word' id='word_1_176' title='bbox 10 2324 27 2341; x_wconf 74' lang='grc'><strong>”</strong></span> <span class='ocrx_word' id='word_1_177' title='bbox 81 2341 106 2386; x_wconf 62' lang='grc' dir='ltr'><em>τε</em></span> <span class='ocrx_word' id='word_1_178' title='bbox 124 2327 172 2394; x_wconf 83' lang='grc' dir='ltr'><em>καὶ</em></span> <span class='ocrx_word' id='word_1_179' title='bbox 200 2331 337 2415; x_wconf 90' lang='grc' dir='ltr'><em>ἀριστον</em></span> <span class='ocrx_word' id='word_1_180' title='bbox 368 2328 434 2394; x_wconf 87' lang='grc' dir='ltr'><em>ὑπὸ</em></span> <span class='ocrx_word' id='word_1_181' title='bbox 466 2335 559 2394; x_wconf 92' lang='grc' dir='ltr'><em>θεῶν</em></span> <span class='ocrx_word' id='word_1_182' title='bbox 585 2330 663 2411; x_wconf 85' lang='grc' dir='ltr'><em>βίον</em></span> <span class='ocrx_word' id='word_1_183' title='bbox 694 2327 853 2412; x_wconf 84' lang='grc' dir='ltr'><em>λέγεσθαι</em></span> <span class='ocrx_word' id='word_1_184' title='bbox 885 2330 1070 2414; x_wconf 82' lang='grc' dir='ltr'><em>φάσκοντες</em></span> <span class='ocrx_word' id='word_1_185' title='bbox 1084 2351 1110 2391; x_wconf 80' lang='grc' dir='ltr'><em>νο</em></span> 
     </span>
     <span class='ocr_line' id='line_1_22' title="bbox 80 2423 1066 2524; baseline 0.006 -25.602"><span class='ocrx_word' id='word_1_186' title='bbox 80 2423 263 2514; x_wconf 68' lang='grc' dir='ltr'><em>ἀληθέστατα</em></span> <span class='ocrx_word' id='word_1_187' title='bbox 286 2434 437 2520; x_wconf 81' lang='grc' dir='ltr'><em>ἐροῦμεν.</em></span> <span class='ocrx_word' id='word_1_188' title='bbox 480 2436 511 2499; x_wconf 89' lang='grc' dir='ltr'><em>εί</em></span> <span class='ocrx_word' id='word_1_189' title='bbox 528 2437 645 2500; x_wconf 86' lang='grc' dir='ltr'><em>τοίνυν</em></span> <span class='ocrx_word' id='word_1_190' title='bbox 668 2432 723 2499; x_wconf 84' lang='grc' dir='ltr'><em>καὶ</em></span> <span class='ocrx_word' id='word_1_191' title='bbox 741 2436 781 2500; x_wconf 91' lang='grc' dir='ltr'><em>τά</em></span> <span class='ocrx_word' id='word_1_192' title='bbox 801 2435 913 2518; x_wconf 87' lang='grc' dir='ltr'><em>ἀγαθά</em></span> <span class='ocrx_word' id='word_1_193' title='bbox 930 2439 976 2524; x_wconf 77' lang='grc' dir='ltr'><em>τῷ</em></span> <span class='ocrx_word' id='word_1_194' title='bbox 995 2436 1066 2504; x_wconf 86' lang='grc' dir='ltr'><em>κατ’</em></span> 
     </span>
     <span class='ocr_line' id='line_1_23' title="bbox 14 2522 1071 2630; baseline 0.007 -29"><span class='ocrx_word' id='word_1_195' title='bbox 14 2522 32 2627; x_wconf 59' lang='lat'><em>&#39;5</em></span> <span class='ocrx_word' id='word_1_196' title='bbox 82 2528 175 2625; x_wconf 73' lang='grc' dir='ltr'><em>ἀρετήν</em></span> <span class='ocrx_word' id='word_1_197' title='bbox 193 2545 256 2630; x_wconf 82' lang='grc' dir='ltr'><em>βίφ</em></span> <span class='ocrx_word' id='word_1_198' title='bbox 280 2542 420 2626; x_wconf 92' lang='grc' dir='ltr'><em>μάλιστα</em></span> <span class='ocrx_word' id='word_1_199' title='bbox 439 2543 652 2626; x_wconf 90' lang='grc' dir='ltr'><em>συνήρτηται,</em></span> <span class='ocrx_word' id='word_1_200' title='bbox 676 2540 731 2606; x_wconf 84' lang='grc' dir='ltr'><em>καὶ</em></span> <span class='ocrx_word' id='word_1_201' title='bbox 753 2545 827 2607; x_wconf 88' lang='grc' dir='ltr'><em>τότε</em></span> <span class='ocrx_word' id='word_1_202' title='bbox 849 2541 940 2608; x_wconf 83' lang='grc' dir='ltr'><em>ἐστὶν</em></span> <span class='ocrx_word' id='word_1_203' title='bbox 958 2543 1071 2626; x_wconf 87' lang='grc' dir='ltr'><em>ἀγαθά</em></span> 
     </span>
     <span class='ocr_line' id='line_1_24' title="bbox 15 2635 1069 2741; baseline 0 -29"><span class='ocrx_word' id='word_1_204' title='bbox 15 2692 29 2741; x_wconf 87' lang='lat'><em>5</em></span> <span class='ocrx_word' id='word_1_205' title='bbox 82 2635 170 2730; x_wconf 70' lang='grc' dir='ltr'><em>ὅῖτος,</em></span> <span class='ocrx_word' id='word_1_206' title='bbox 192 2646 248 2714; x_wconf 81' lang='grc' dir='ltr'><em>καὶ</em></span> <span class='ocrx_word' id='word_1_207' title='bbox 270 2648 307 2713; x_wconf 87' lang='grc' dir='ltr'><em>τὸ</em></span> <span class='ocrx_word' id='word_1_208' title='bbox 330 2651 459 2732; x_wconf 86' lang='grc' dir='ltr'><em>χαίρειν</em></span> <span class='ocrx_word' id='word_1_209' title='bbox 482 2656 527 2734; x_wconf 75' lang='grc' dir='ltr'><em>τῷ</em></span> <span class='ocrx_word' id='word_1_210' title='bbox 548 2652 750 2732; x_wconf 81' lang='grc' dir='ltr'><em>φιλοσοφεῖν</em></span> <span class='ocrx_word' id='word_1_211' title='bbox 769 2651 860 2734; x_wconf 80' lang='grc' dir='ltr'><em>μόνῳ</em></span> <span class='ocrx_word' id='word_1_212' title='bbox 883 2647 1069 2732; x_wconf 82' lang='grc' dir='ltr'><em>συνέπεται,</em></span> 
     </span>
     <span class='ocr_line' id='line_1_25' title="bbox 22 2747 1070 2840; baseline 0 -23"><span class='ocrx_word' id='word_1_213' title='bbox 22 2834 26 2839; x_wconf 82' lang='lat'><em>.</em></span> <span class='ocrx_word' id='word_1_214' title='bbox 82 2747 189 2821; x_wconf 69' lang='grc' dir='ltr'><em>πάντων</em></span> <span class='ocrx_word' id='word_1_215' title='bbox 212 2754 309 2820; x_wconf 77' lang='grc' dir='ltr'><em>ἕνεκα</em></span> <span class='ocrx_word' id='word_1_216' title='bbox 332 2754 394 2840; x_wconf 83' lang='grc' dir='ltr'><em>χρὴ</em></span> <span class='ocrx_word' id='word_1_217' title='bbox 418 2761 539 2819; x_wconf 83' lang='grc' dir='ltr'><em>τοῦτον</em></span> <span class='ocrx_word' id='word_1_218' title='bbox 562 2756 622 2819; x_wconf 91' lang='grc' dir='ltr'><em>τὸν</em></span> <span class='ocrx_word' id='word_1_219' title='bbox 640 2757 717 2837; x_wconf 84' lang='grc' dir='ltr'><em>βίον</em></span> <span class='ocrx_word' id='word_1_220' title='bbox 737 2759 974 2839; x_wconf 90' lang='grc' dir='ltr'><em>προαιρεῖσθαι</em></span> <span class='ocrx_word' id='word_1_221' title='bbox 992 2756 1070 2830; x_wconf 92' lang='grc' dir='ltr'><em>τοὺς</em></span> 
     </span>
    </p>

    <p class='ocr_par' dir='ltr' id='par_1_7' title="bbox 10 2846 1109 3263">
     <span class='ocr_line' id='line_1_26' title="bbox 23 2846 1109 2946; baseline -0.004 -22"><span class='ocrx_word' id='word_1_222' title='bbox 23 2846 32 2912; x_wconf 78' lang='lat'><em>&#39;.</em></span> <span class='ocrx_word' id='word_1_223' title='bbox 84 2847 283 2946; x_wconf 66' lang='grc' dir='ltr'><em>ὑνυλομίνους</em></span> <span class='ocrx_word' id='word_1_224' title='bbox 307 2861 411 2936; x_wconf 78' lang='grc' dir='ltr'><em>ὄντος</em></span> <span class='ocrx_word' id='word_1_225' title='bbox 435 2859 656 2943; x_wconf 87' lang='grc' dir='ltr'><em>εὐδαιμονεῖν.</em></span> <span class='ocrx_word' id='word_1_226' title='bbox 1083 2879 1109 2920; x_wconf 80' lang='grc' dir='ltr'><em>ετ</em></span> 
     </span>
     <span class='ocr_line' id='line_1_27' title="bbox 29 2959 1070 3059; baseline -0.001 -27"><span class='ocrx_word' id='word_1_227' title='bbox 29 3047 31 3059; x_wconf 37' lang='grc' dir='ltr'>Ι</span> <span class='ocrx_word' id='word_1_228' title='bbox 148 2963 214 3032; x_wconf 86' lang='lat' dir='ltr'><em>XX.</em></span> <span class='ocrx_word' id='word_1_229' title='bbox 239 2961 341 3050; x_wconf 83' lang='grc' dir='ltr'><em>Οίμαι</em></span> <span class='ocrx_word' id='word_1_230' title='bbox 363 2968 480 3031; x_wconf 94' lang='grc' dir='ltr'><em>τοίνυν</em></span> <span class='ocrx_word' id='word_1_231' title='bbox 504 2966 565 3031; x_wconf 86' lang='grc' dir='ltr'><em>οὐκ</em></span> <span class='ocrx_word' id='word_1_232' title='bbox 583 2965 794 3050; x_wconf 90' lang='grc' dir='ltr'><em>ἀνάρμοστον</em></span> <span class='ocrx_word' id='word_1_233' title='bbox 816 2959 902 3030; x_wconf 78' lang='grc' dir='ltr'><em>εἶναι</em></span> <span class='ocrx_word' id='word_1_234' title='bbox 922 2965 1070 3031; x_wconf 80' lang='grc' dir='ltr'><em>ἐνταῦθα</em></span> 
     </span>
     <span class='ocr_line' id='line_1_28' title="bbox 10 3059 1071 3157; baseline 0.004 -26"><span class='ocrx_word' id='word_1_235' title='bbox 10 3113 33 3155; x_wconf 53' lang='lat'><em>53.</em></span> <span class='ocrx_word' id='word_1_236' title='bbox 83 3059 122 3126; x_wconf 76' lang='grc' dir='ltr'><em>ῖῖὶ</em></span> <span class='ocrx_word' id='word_1_237' title='bbox 131 3071 186 3155; x_wconf 84' lang='grc' dir='ltr'><em>τήν</em></span> <span class='ocrx_word' id='word_1_238' title='bbox 200 3073 256 3138; x_wconf 90' lang='grc' dir='ltr'><em>διά</em></span> <span class='ocrx_word' id='word_1_239' title='bbox 269 3082 337 3138; x_wconf 89' lang='grc' dir='ltr'><em>τῶν</em></span> <span class='ocrx_word' id='word_1_240' title='bbox 351 3064 534 3155; x_wconf 84' lang='grc' dir='ltr'><em>ὑποθηκῶν</em></span> <span class='ocrx_word' id='word_1_241' title='bbox 551 3073 744 3157; x_wconf 80' lang='grc' dir='ltr'><em>προτροπὴν</em></span> <span class='ocrx_word' id='word_1_242' title='bbox 758 3073 821 3155; x_wconf 90' lang='grc' dir='ltr'><em>ήδη</em></span> <span class='ocrx_word' id='word_1_243' title='bbox 837 3093 905 3148; x_wconf 83' lang='grc' dir='ltr'><em>πῶς</em></span> <span class='ocrx_word' id='word_1_244' title='bbox 920 3076 1071 3154; x_wconf 89' lang='grc' dir='ltr'><em>συνεγγί-</em></span> 
     </span>
     <span class='ocr_line' id='line_1_29' title="bbox 85 3163 1071 3263; baseline 0.006 -27"><span class='ocrx_word' id='word_1_245' title='bbox 85 3163 178 3243; x_wconf 72' lang='grc' dir='ltr'><em>ζουσαν</em></span> <span class='ocrx_word' id='word_1_246' title='bbox 207 3180 254 3256; x_wconf 86' lang='grc' dir='ltr'><em>είς</em></span> <span class='ocrx_word' id='word_1_247' title='bbox 280 3179 342 3262; x_wconf 86' lang='grc' dir='ltr'><em>τήν</em></span> <span class='ocrx_word' id='word_1_248' title='bbox 369 3177 541 3263; x_wconf 72' lang='grc' dir='ltr'><em>ὑφήγησιν</em></span> <span class='ocrx_word' id='word_1_249' title='bbox 567 3179 605 3242; x_wconf 84' lang='grc' dir='ltr'><em>τὸ</em></span> <span class='ocrx_word' id='word_1_250' title='bbox 628 3189 697 3254; x_wconf 89' lang='grc' dir='ltr'><em>πῶς</em></span> <span class='ocrx_word' id='word_1_251' title='bbox 721 3179 774 3242; x_wconf 91' lang='grc' dir='ltr'><em>δεῖ</em></span> <span class='ocrx_word' id='word_1_252' title='bbox 794 3181 906 3260; x_wconf 88' lang='grc' dir='ltr'><em>βιοῦν,</em></span> <span class='ocrx_word' id='word_1_253' title='bbox 933 3175 989 3241; x_wconf 81' lang='grc' dir='ltr'><em>καὶ</em></span> <span class='ocrx_word' id='word_1_254' title='bbox 1011 3179 1071 3262; x_wconf 94' lang='grc' dir='ltr'><em>μά-</em></span> 
     </span>
    </p>
   </div>
   <div class='ocr_carea' id='block_1_3' title="bbox 86 3275 272 3304">
    <p class='ocr_par' dir='ltr' id='par_1_8' title="bbox 86 3275 272 3304">
     <span class='ocr_line' id='line_1_30' title="bbox 86 3275 272 3304; baseline 0.005 -1"><span class='ocrx_word' id='word_1_255' title='bbox 86 3275 272 3304; x_wconf 32' lang='lat' dir='ltr'>N...-</span> 
     </span>
    </p>
   </div>
   <div class='ocr_carea' id='block_1_4' title="bbox 150 3329 1070 3405">
    <p class='ocr_par' dir='ltr' id='par_1_9' title="bbox 150 3329 1070 3405">
     <span class='ocr_line' id='line_1_31' title="bbox 150 3329 1070 3405; baseline 0.003 -17"><span class='ocrx_word' id='word_1_256' title='bbox 150 3339 164 3388; x_wconf 83' lang='grc'>3</span> <span class='ocrx_word' id='word_1_257' title='bbox 180 3329 234 3402; x_wconf 84' lang='grc' dir='ltr'><em>δάν</em></span> <span class='ocrx_word' id='word_1_258' title='bbox 254 3334 300 3405; x_wconf 84' lang='lat' dir='ltr'><strong>(cf.</strong></span> <span class='ocrx_word' id='word_1_259' title='bbox 319 3332 437 3401; x_wconf 79' lang='lat' dir='ltr'>Usener,</span> <span class='ocrx_word' id='word_1_260' title='bbox 456 3334 554 3389; x_wconf 81' lang='lat' dir='ltr'><strong>Jahrb.</strong></span> <span class='ocrx_word' id='word_1_261' title='bbox 572 3332 591 3388; x_wconf 89' lang='lat' dir='ltr'><em>f.</em></span> <span class='ocrx_word' id='word_1_262' title='bbox 611 3333 683 3388; x_wconf 88' lang='lat' dir='ltr'><strong>Phil.</strong></span> <span class='ocrx_word' id='word_1_263' title='bbox 700 3339 768 3390; x_wconf 76' lang='lat'>1878</span> <span class='ocrx_word' id='word_1_264' title='bbox 788 3351 815 3402; x_wconf 90' lang='lat' dir='ltr'><em>p.</em></span> <span class='ocrx_word' id='word_1_265' title='bbox 836 3337 880 3404; x_wconf 84' lang='lat'><em>66)</em></span> <span class='ocrx_word' id='word_1_266' title='bbox 902 3334 1002 3404; x_wconf 80' lang='lat' dir='ltr'>scripsi</span> <span class='ocrx_word' id='word_1_267' title='bbox 1020 3353 1070 3405; x_wconf 87' lang='lat' dir='ltr'><em>pro</em></span> 
     </span>
    </p>
   </div>
   <div class='ocr_carea' id='block_1_5' title="bbox 10 3416 1072 3568">
    <p class='ocr_par' dir='ltr' id='par_1_10' title="bbox 10 3416 1072 3568">
     <span class='ocr_line' id='line_1_32' title="bbox 10 3416 1072 3555; baseline 0.002 -62"><span class='ocrx_word' id='word_1_268' title='bbox 10 3478 29 3527; x_wconf 53' lang='grc' dir='ltr'><em>Π,</em></span> <span class='ocrx_word' id='word_1_269' title='bbox 86 3418 104 3555; x_wconf 61' lang='grc' dir='ltr'><strong><em>ἴ</em></strong></span> <span class='ocrx_word' id='word_1_270' title='bbox 119 3425 158 3493; x_wconf 65' lang='grc' dir='ltr'><em>ἀνι</em></span> <span class='ocrx_word' id='word_1_271' title='bbox 176 3433 211 3495; x_wconf 83' lang='grc' dir='ltr'><em>ἀν</em></span> <span class='ocrx_word' id='word_1_272' title='bbox 228 3441 331 3523; x_wconf 64' lang='grc' dir='ltr'><em>Ρᾼχιῖ</em></span> <span class='ocrx_word' id='word_1_273' title='bbox 349 3416 487 3521; x_wconf 69' lang='grc' dir='ltr'><em>μακαρίοῆ</em></span> <span class='ocrx_word' id='word_1_274' title='bbox 500 3442 509 3510; x_wconf 88' lang='grc' dir='ltr'><em>ΙΙ</em></span> <span class='ocrx_word' id='word_1_275' title='bbox 523 3444 557 3494; x_wconf 78' lang='lat'><em>28</em></span> <span class='ocrx_word' id='word_1_276' title='bbox 575 3436 620 3511; x_wconf 87' lang='grc' dir='ltr'><em>τὸ]</em></span> <span class='ocrx_word' id='word_1_277' title='bbox 639 3441 689 3495; x_wconf 80' lang='grc' dir='ltr'><em>τοῦ</em></span> <span class='ocrx_word' id='word_1_278' title='bbox 709 3439 821 3507; x_wconf 75' lang='lat' dir='ltr'><strong>scripsit</strong></span> <span class='ocrx_word' id='word_1_279' title='bbox 833 3441 871 3495; x_wconf 88' lang='lat' dir='ltr'><em>K:</em></span> <span class='ocrx_word' id='word_1_280' title='bbox 892 3457 928 3494; x_wconf 82' lang='lat' dir='ltr'><em>an</em></span> <span class='ocrx_word' id='word_1_281' title='bbox 947 3444 1072 3511; x_wconf 84' lang='grc' dir='ltr'><em>συνεγγί-</em></span> 
     </span>
     <span class='ocr_line' id='line_1_33' title="bbox 17 3511 473 3568; baseline 0.018 -8"><span class='ocrx_word' id='word_1_282' title='bbox 17 3523 21 3539; x_wconf 77' lang='grc'><em>·</em></span> <span class='ocrx_word' id='word_1_283' title='bbox 96 3512 164 3562; x_wconf 67' lang='grc' dir='ltr'><em>οϋταν</em></span> <span class='ocrx_word' id='word_1_284' title='bbox 180 3513 330 3567; x_wconf 73' lang='grc' dir='ltr'><em>ῖτενειῖιτθ</em></span> <span class='ocrx_word' id='word_1_285' title='bbox 348 3511 473 3568; x_wconf 74' lang='grc' dir='ltr'><em>διοῖοωῖ</em></span> 
     </span>
    </p>
   </div>
   <div class='ocr_carea' id='block_1_6' title="bbox 0 0 1226 3930">
    <p class='ocr_par' dir='ltr' id='par_1_11' title="bbox 0 0 1226 3930">
     <span class='ocr_line' id='line_1_34' title="bbox 0 0 1226 3930; baseline 0 0"><span class='ocrx_word' id='word_1_286' title='bbox 0 0 1226 3930; x_wconf 95' lang='lat' dir='ltr'><em> </em></span> 
     </span>
    </p>
   </div>
  </div>
 </body>
</html>
