2400 3930
130 159 173 225 38
544 160 734 215 IAMBLIOHI

130 321 206 408 ττερλ
233 334 300 388 τῶν
323 324 462 388 δικαίων
485 320 630 387 καὶτῶν
654 325 911 408 συμφερόντων,
940 324 988 387 ἔτι
1013 319 1089 388 δὶα

131 431 264 514 φύσεώς
286 453 322 495 τε
344 428 400 496 καὶ
422 439 480 515 τῆς
503 430 605 512 ἀλλης
628 428 788 511 ἀληθείας
811 430 1089 516 έκιστήμαςβυνα

131 539 246 620 λαβεῖν
269 537 379 621 ἐσμεν,
404 534 524 624 ῥᾴδιον
548 534 716 614 ἐπιδεῖξαι.
757 533 807 601 ἀεὶ
826 537 891 622 γὰρ
911 537 1088 621 γνωριμώτ

128 645 167 708 τὰ
199 647 344 730 πρότερα
376 653 443 707 τῶν
476 642 625 729 ὑστέρων
652 640 708 707 καὶ
735 644 775 707 τά
802 645 921 727 βελτίω
952 643 1016 726 τὴν
1043 644 1089 726 φό

102 761 196 815 ττῶν
223 752 395 835 χειρόνων.
440 760 506 814 τῶν
537 751 600 835 γὰρ
629 747 824 836 ὡρισμένων
852 747 907 815 καί
938 749 1089 834 τεταγμέι

129 854 288 941 ἐπιστήμη
318 858 444 941 μᾶλλόν
473 855 564 946 ἐστιν
596 855 616 939 ἣ
640 866 707 920 τῶν
736 855 915 938 ἐναντίων,
944 858 993 920 ἔτι
1021 852 1089 921 δλι

129 965 245 1028 αίτίων
277 962 297 1048 ἢ
326 974 393 1029 τῶν
427 963 689 1046 ἀποβαινόντων.
740 966 809 1027 ἔστι
840 960 869 1026 δ’
897 962 1066 1047 ὡρισμένα

128 1070 310 1155 τεταγμένα
333 1071 465 1155 τάγαθὰ
486 1081 554 1134 τῶν
577 1080 688 1135 κακῶν
711 1074 853 1152 μᾶλλον,
879 1070 990 1155 ὥσπερ
1014 1071 1089 1148 ἀνθη

128 1198 189 1253 τος
212 1177 356 1260 ἐπιεικὴς
380 1177 565 1263 ἀνθρώπου
589 1178 737 1259 φαύλου·
760 1177 821 1260 τὴν
843 1176 949 1259 αὐτὴν
972 1179 1035 1263 γὰρ
1060 1180 1089 1261 ἔχ

89 1298 117 1337 10
131 1281 314 1364 ἀναγκαῖον
337 1282 421 1347 αὐτὰ
444 1283 526 1364 πρὸς
544 1283 670 1366 ἀλληλα
690 1284 867 1370 διαφοράν.
905 1284 995 1349 αίτιά
1014 1307 1048 1348 τε
1066 1309 1088 1367 μ

128 1392 190 1451 λον
217 1389 257 1451 τὰ
284 1389 428 1473 πρότερα
451 1398 518 1452 τῶν
541 1386 702 1475 ὑστέρων·
732 1390 868 1455 ἐκείνων
897 1391 960 1475 γὰρ
990 1389 1087 1476 ἀναιρ

129 1491 239 1577 μένων
267 1493 451 1579 ἀναιρεῖται
478 1494 518 1558 τά
545 1493 607 1576 τὴν
635 1494 755 1560 οὐσίαν
786 1495 820 1576 ἐξ
850 1495 988 1561 ἐκείνων
1018 1499 1089 1581 ἕχον

128 1602 214 1684 μήκη
239 1595 300 1684 μὲν
324 1599 489 1685 ἀριθμῶν,
513 1598 651 1665 ἐπίπεδα
670 1597 707 1665 δὲ
726 1612 852 1686 μηκῶν,
878 1603 994 1687 στερεὰ
1018 1599 1089 1669 ὃέί

128 1705 266 1789 κέδων[,
280 1715 425 1790 στοιχεῖα
441 1701 477 1770 δέ
491 1716 559 1771 τῶν
569 1706 824 1792 ὀνομαζομένων
837 1711 1039 1792 σνλλαβῶν],
1064 1711 1089 1775 ὥ

89 1829 113 1868 15
129 1817 219 1895 είττερ
235 1812 323 1896 ψυχὴ
343 1809 404 1896 μέν
418 1814 570 1897 σώματος
588 1814 726 1898 ἄμεινον
747 1808 986 1901 (ἀρχικώτερον
1005 1818 1069 1902 γὰρ
1086 1845 1089 1860 ·

128 1919 234 2001 φύσιν
257 1917 352 2005 ἐστι’),
376 1917 451 2006 περὶ
471 1916 508 1985 δὲ
530 1931 623 2005 σῶμα
642 1920 754 2005 τέχναι
778 1919 833 1986 καὶ
856 1923 1039 2007 φρονήσεις
1062 1926 1089 1988 εί

130 2027 258 2111 ίατρική
277 2049 312 2091 τε
330 2023 384 2091 καί
399 2031 604 2112 γυμναστική
626 2027 760 2112 (ταύτας
778 2030 842 2112 γὰρ
860 2027 953 2112 ἡμεῖς
968 2027 1089 2114 ἑπιστηχ

128 2136 266 2218 τίθεμεν
289 2130 344 2198 καὶ
363 2136 546 2216 κεκτῆσθαί
565 2155 658 2210 τινας
681 2133 782 2209 αὐτός
805 2132 941 2220 φαμεν),
966 2136 1073 2218 δῆλον

129 2237 184 2303 καί
207 2238 283 2322 περὶ
305 2240 416 2322 ψυχὴν
439 2236 494 2302 καὶ
517 2240 575 2313 τὰς
597 2248 705 2323 ψυχῆς
730 2239 847 2326 ἀρετάς
870 2239 943 2306 ἐστί
961 2264 1013 2319 τις
1036 2242 1088 2307 έπι

88 2361 115 2401 20
129 2349 201 2409 λεια
223 2340 279 2408 καὶ
297 2342 406 2426 τέχνη,
425 2341 480 2407 καὶ
500 2343 639 2410 δυνατοὶ
658 2350 773 2428 λαβεῖν
796 2346 900 2429 αάτήν
920 2346 1031 2432 ἐσμεν,
1055 2355 1089 2413 είς

128 2471 165 2530 γε
192 2445 248 2513 καὶ
275 2458 343 2513 τῶν
370 2444 440 2533 μετ’
471 2449 608 2533 ἀγνοίας
635 2455 789 2529 πλείονος
816 2451 870 2518 καὶ
897 2463 1025 2535 γνῶναι
1052 2479 1089 2539 χα

127 2554 294 2641 πωτέρων.
341 2554 462 2639 ὁμοίως
486 2552 523 2621 δέ
541 2556 597 2622 καὶ
619 2569 686 2622 τῶν
709 2556 784 2644 ττερλ
806 2560 1089 2643 φύσεωςντολὺη

127 2665 291 2748 πρότερον
323 2661 505 2745 ἀναγκαῖον
537 2673 604 2729 τῶν
636 2667 758 2737 αίτίων,
785 2664 840 2731 καί
871 2676 940 2730 τῶν
973 2683 1089 2752 στοιχει

130 2808 343 2817 -——-——-.-—.

200 2895 322 2958 31141,
336 2890 402 2945 2cf
418 2889 538 2946 Istambl
529 2909 560 2946 m
573 2891 645 2946 libro
659 2891 699 2944 ΙΙΙ
688 2891 871 2960 (IVilloison,
885 2895 990 2950 Anecd.
1001 2895 1068 2965 IIp.

126 2965 260 3029 36-218,
275 2966 318 3015 26.
351 2959 416 3016 cod.
430 2961 561 3018 Laurent.
576 2967 619 3031 86,
635 2963 854 3034 ³f109asqq.).

198 3181 214 3229 3
234 3172 431 3244 γνωριμώτερα
446 3170 648 3244 ἀμφότερα,
617 3195 652 3229 τα
667 3175 716 3229 lib.
732 3175 795 3246 1111!
810 3181 843 3230 13
860 3171 1007 3249 ἀριθμῶν]
1022 3196 1058 3232 an
1073 3195 1089 3231 σ

127 3245 246 3315 μῶνίολ,
262 3245 391 3315 Ar.p.'1'0
407 3245 1089 3318 24.141⁸‚6)?atcflib.1112141411140

127 3322 243 3384 χεια-
264 3265 428 3403 ονλλαβάν
426 3317 480 3371 del
501 3319 583 3384 Rose,
602 3333 655 3372 om.
675 3317 724 3371 lib.
739 3317 785 3372 ΙΙΙ.
823 3320 898 3373 certe
914 3319 1089 3374 dicendum

127 3389 251 3460 σνλλαβα
233 3387 263 3440 αλ
287 3383 318 3441 δὲ
337 3392 393 3441 τῶν
413 3382 493 3458 ὄνομ,
513 3389 671 3457 στοιχείων·
694 3405 760 3442 ηοω
779 3389 1023 3459 Pythagoreorum
1042 3409 1089 3446 σοι

119 3476 180 3519 τοις
193 3458 352 3527 στοιχείοις,
372 3459 406 3514 de
422 3458 526 3530 quibus
540 3459 715 3530 cogitaverat
726 3457 878 3530 Kiessling,
896 3461 991 3516 nullus
1005 3461 1053 3516 hie
1068 3462 1089 3518 Ι(

105 3526 157 3592 (εἰ
167 3545 200 3596 p
217 3534 263 3598 39,
284 3534 372 3601 7sq..)
