2400 3930
37 92 39 96 Ι
128 143 171 208 80
536 141 728 199 IAMBLIOHI

127 304 241 388 ἐπειδὴ
269 307 352 391 πρὸς
378 307 415 371 τὸ
444 317 516 390 φῶς
546 308 656 389 ἔλθοι,
685 306 790 390 αὐγῆς
812 304 855 371 διν
878 309 993 391 ἔχοντα
1013 305 1044 370 τὰ
1063 297 1111 379 ύμ·

128 434 212 494 ματα
243 413 345 498 μεστοὶ
377 412 462 498 ὁρᾶν
489 409 565 478 οὐδ’
597 410 638 477 διν
668 412 705 477 ἓν
739 412 907 478 δύνασθαι
939 423 1004 478 τῶν
1028 392 1111 494 (νῦν

128 518 319 604 λεγομένων
350 519 504 603 ἀληθῶν,
537 520 621 585 ὥστε
647 517 805 603 ἐξαίφνης
837 519 951 597 αὐτοῖς
975 505 1111 604 προσβλί1

128 630 263 704 λοντας;
291 627 475 708 συνηθείας
498 626 551 709 δή,
575 619 678 711 οἶμαι,
703 623 802 691 δέοιτ’
829 626 886 709 ἄν,
915 627 947 691 εί
967 623 1069 710 μέλλοι
1085 635 1110 683 v

68 802 70 812 Α
101 733 198 797 δύνει
231 734 388 810 ὄψεσθαι·
421 729 476 797 καὶ
508 744 641 818 πρῶτον
672 728 733 816 μὲν
759 733 817 809 τὰς
848 733 943 809 σκιδς
969 729 1010 796 δν
1035 729 1110 816 ῥᾷστ

127 833 302 926 καθορῴη,
332 836 387 904 καὶ
419 840 499 923 μετδι
527 848 625 905 τοῦτο
654 838 691 904 ἐν
717 848 788 916 τοῖς
816 838 918 902 ύδασι
948 837 990 902 τύ
1014 860 1046 903 τε
1068 843 1111 900 τύ

128 943 319 1030 ἀνθρώπων
351 943 407 1011 καὶ
442 947 483 1012 τὰ
513 957 582 1011 τῶν
614 947 725 1011 ἄλλων
758 946 896 1026 εἴδωλα,
933 944 1067 1030 ὕστερον
1093 940 1111 1006 δ

128 1051 225 1116 αὐτοί·
254 1051 290 1117 ἐκ
318 1050 355 1119 δὲ
377 1054 507 1118 τούτων
529 1053 570 1116 τὰ
594 1051 631 1117 ἐν
653 1059 699 1139 τῷ
723 1051 857 1136 οὐρανῷ
879 1048 935 1115 καὶ
958 1050 1057 1117 αὐτὸν
1076 1051 1111 1114 τὸ

128 1157 275 1241 οὐρανὸν
303 1160 435 1244 νύκτωρ
463 1157 505 1223 δν
537 1157 622 1243 ῥᾷον
651 1156 825 1238 θεάσαιτο,
857 1154 1111 1239 προσβλέπωντ

89 1276 115 1315 10
129 1272 196 1324 τῶν
219 1263 351 1346 ἄστρων
372 1288 408 1328 τε
430 1261 486 1328 καὶ
509 1264 651 1345 σελήνης
673 1273 759 1347 φῶς,
789 1261 810 1344 ἣ
833 1257 910 1345 μεθ’
934 1261 1060 1347 ἡμέραν
1079 1263 1111 1326 τὸ

127 1364 224 1448 ἥλιόν
246 1390 281 1431 τε
303 1365 359 1432 καὶ
381 1369 418 1433 τὸ
440 1377 500 1433 τού
518 1368 626 1451 ἡλίου.
667 1374 858 1434 τελευταῖον
881 1368 934 1450 δή,
959 1363 1059 1453 οἶμαι,
1078 1369 1111 1434 τὸ

127 1473 224 1556 ἥλιον
247 1473 309 1538 οὐκ
332 1473 370 1539 ἐν
397 1475 518 1540 ύδασιν
549 1471 621 1539 οὐδ’
649 1473 686 1539 ἐν
709 1474 867 1562 ἀλλοτρίᾳ
890 1473 973 1561 ἕδρᾳ
996 1474 1111 1559 φαντύι

128 1603 213 1664 ματα
237 1580 351 1665 αὐτοῦ,
376 1577 447 1648 ἀλλ’
469 1582 572 1647 αύτὸν
591 1577 670 1647 καθ’
693 1583 796 1648 αὑτὸν
815 1580 852 1647 ἐν
870 1589 910 1665 τῇ
931 1581 1035 1647 αὑτοῦ
1051 1582 1111 1666 χύρ

129 1685 258 1752 δύναιτ’
285 1687 327 1755 δν
349 1690 497 1755 κατιδεῖν
520 1686 576 1755 καὶ
598 1690 791 1756 θεάσασθαι
813 1679 883 1765 οἶός
905 1686 943 1753 τέ
964 1687 1041 1753 ἐστι.
1081 1711 1111 1753 κι

88 1807 114 1848 15
128 1795 209 1878 μετὰ
231 1795 321 1862 ταῦτ’
345 1796 387 1862 δν
410 1798 474 1882 ἤδη
493 1800 720 1881 συλλογίζοιτο
739 1793 815 1881 περὶ
838 1794 953 1878 αὐτού,
978 1795 1028 1860 ὅτι
1046 1789 1111 1860 οὗτε

129 1900 146 1967 ὁ
169 1903 227 1978 τίς
249 1925 285 1967 τε
308 1904 396 1988 ὥρας
418 1901 572 1991 παρέχων
593 1901 648 1968 καί
671 1902 846 1979 ἐνιαυτοὺς
867 1899 923 1966 καὶ
945 1901 1053 1966 πάντα
1073 1900 1111 1966 ἐπ

127 2010 301 2093 τροπεύωυ
327 2012 368 2075 τδι
396 2011 433 2077 ἐν
460 2020 505 2099 τῷ
532 2008 691 2097 ὁρωμένῳ
714 2011 820 2096 τύπῳ,
850 2006 906 2073 καὶ
929 2007 1066 2074 ἐκείνων
1089 2000 1111 2073 a‘z

128 2126 224 2199 σφεῖς
252 2114 366 2202 ἑώρων
392 2121 518 2202 τρόπον
543 2119 618 2182 τινὰ
640 2117 774 2181 πάντων
798 2121 911 2191 αίτιος.
954 2116 1056 2198 δῆλον
1076 2111 1111 2198 γε’

129 2221 179 2285 ὅτι
212 2220 265 2286 ἐπὶ
297 2233 400 2288 ταῦτα
432 2223 474 2288 ἂν
501 2221 571 2308 μετ’
602 2222 711 2288 ἐκεῖνα
739 2225 843 2287 ἔλθοι.
888 2224 924 2285 τί
954 2216 1031 2301 οὖν;
1063 2221 1111 2286 ἀνι

88 2339 114 2377 20
128 2329 399 2410 μιμνησκόμενον
431 2328 534 2393 αύτὸν
565 2338 623 2412 τῆς
654 2328 786 2415 πρώτης
817 2329 977 2410 οἰκήσεως
1003 2326 1058 2393 καὶ
1083 2347 1111 2392 τι

128 2428 198 2494 ἐκεῖ
223 2433 345 2514 σοφίας
371 2431 424 2498 καὶ
455 2444 523 2498 τῶν
550 2437 623 2500 τότε
653 2434 893 2518 ξυνδεσμωτῶν
921 2432 985 2499 ούκ
1012 2433 1055 2500 ἂν
1079 2433 1111 2498 ολ

128 2535 232 2601 αὑτὸν
252 2533 313 2620 μὲν
328 2536 572 2622 εὐδαιμονίζειν
585 2549 643 2623 τῆς
661 2542 854 2625 μεταβολῆς,
872 2541 953 2616 τοὺς
967 2537 1005 2605 δὲ
1024 2539 1111 2606 ἐλεεύ

127 2640 183 2708 καὶ
205 2644 301 2729 μύλα.
347 2641 439 2729 τιμαὶ
462 2642 499 2709 δὲ
522 2643 577 2710 καὶ
600 2648 730 2711 ἔπαινοι
754 2651 787 2711 εί
810 2668 897 2722 τινες
919 2640 1007 2728 ἦσαν
1031 2646 1111 2712 αύτο

128 2753 201 2815 τότε
228 2747 304 2835 παρ’
337 2749 489 2834 ἀλλήλων
515 2749 570 2817 καὶ
597 2750 678 2837 γέρα
709 2757 755 2837 τῷ
783 2749 924 2828 ὀξύτατα
950 2759 1111 2840 καθορῶν

88 2871 114 2912 25
128 2856 168 2918 τδι
190 2858 366 2942 παριόντα,
394 2856 449 2923 καὶ
471 2859 718 2943 μνημονεύοντι
745 2857 885 2941 μάλιστα
911 2857 975 2922 ὅσα
1002 2881 1038 2924 τε
1064 2879 1111 2944 πρ

21 2982 27 2993 ·
127 2984 206 3049 τερα
225 2963 335 3028 αὐτῶν
354 2961 409 3029 καὶ
427 2965 549 3050 ύστερα
569 2970 669 3029 εἴωθε
689 2961 745 3029 καὶ
763 2964 829 3047 ἅμα
847 2963 1066 3049 πορεύεσθαι,
1088 2987 1111 3030 κ

127 3067 163 3134 ἐκ
186 3071 315 3135 τούτων
336 3071 377 3153 δὴ
401 3071 614 3136 δυνατώτατα
635 3067 935 3157 ἀπομαντευομένῳ
958 3072 997 3136 τὸ
1021 3070 1111 3156 με’λλι

12 3202 14 3206 ⁴
126 3175 229 3259 ἥξειν,
253 3178 361 3253 δοκεῖς
384 3175 426 3242 δν
450 3177 552 3243 αὐτὸν
575 3176 820 3260 ἐπιθυμητικῶς
842 3175 953 3241 αὐτῶν
977 3179 1066 3262 ἔχειν
1088 3202 1111 3244 κ

129 3300 342 3312 ——-——-

218 3373 239 3419 2-
248 3373 302 3422 νύν
316 3369 380 3424 add.
396 3371 420 3422 A
435 3385 469 3422 ex
482 3370 504 3423 P
542 3364 610 3431 δὼς
625 3371 652 3423 et
666 3364 877 3440 προσβάλλοντα
890 3368 975 3424 malit
988 3368 1015 3423 Κ
1027 3372 1037 3440 ΙΙ
1054 3377 1086 3426 10
1100 3389 1111 3424 ι

124 3430 214 3502 λήνης
225 3435 287 3490 ΡΑε
302 3442 424 3508 σεληνῶν
438 3441 449 3510 ΙΙ
464 3444 496 3494 13
511 3435 572 3494 αλλ’
589 3435 678 3494 αὑτὸν
692 3442 702 3508 ΙΙ
715 3444 747 3493 21
764 3440 808 3507 οίη
823 3439 832 3508 ΙΙ
847 3444 880 3493 22
895 3433 985 3495 αὐτὸν
1000 3443 1010 3511 fl
1023 3447 1059 3497 24
1073 3462 1111 3498 πα

112 3503 180 3560 ΡΑι
197 3506 263 3578 περί
276 3510 291 3579 ΙΙ
304 3514 338 3566 28
359 3512 459 3577 δοκεῖς
477 3509 540 3568 PA:
561 3511 657 3580 δοκῆς.
