2400 3930
151 146 216 201 VIII
547 147 763 204 PRAEFATIO.

149 331 231 374 saec.
240 308 329 373 XVI.
347 346 385 355 -
400 308 458 374 IV.
471 308 576 375 Paris.
591 331 639 395 gr.
653 310 751 394 2093,
770 332 852 375 saec.
866 309 937 375 XV.
955 348 992 357 -
1012 309 1051 377 V.
1065 310 1156 376 Mare.

150 412 230 478 Ven.
244 415 320 500 243,
338 436 420 479 saec.
438 414 511 480 XV.
531 452 569 462 -
592 414 648 479 VI.
667 413 803 501 Cizens,
821 438 903 481 saee.
920 416 1008 481 XVI.
1030 453 1070 465 —
1092 416 1158 482 Vll.

149 518 426 606 Franequeranus,
439 544 521 586 saec
530 520 611 586 XVI
624 519 668 605 (a
684 519 795 608 1548).
812 559 849 568 —
867 523 957 587 VIII.
967 522 1160 605 Memmian,

149 647 188 690 ex
213 648 277 711 quo
298 626 384 692 Sam.
401 625 578 705 Tennulins
600 631 752 710 quartum
771 626 943 692 Iamblichi
964 628 1091 693 librum
1114 628 1161 692 de·

150 734 289 818 scripsit
314 769 354 778 -
380 731 436 795 IX
458 731 623 816 Neapolit.
639 731 690 796 III
706 736 736 796 Β
750 733 809 816 20,
831 754 913 798 saec.
930 731 1050 820 XVI.¹)

221 856 409 922 Testimonia
437 879 501 941 qua
527 857 619 940 potui
642 855 813 941 diligentia
835 857 962 941 collegi.
1010 857 1103 934 Quae
1126 860 1164 924 ad

151 985 220 1046 cap.
243 963 432 1027 vicesimum
454 963 603 1027 afferrem
624 962 718 1026 nulla
739 963 857 1027 inveni.
894 961 1111 1028 Aristotelem
1134 968 1166 1029 et

150 1071 186 1135 in
214 1069 276 1134 hac
297 1068 493 1152 Protreptici
520 1072 612 1151 parte
638 1069 740 1132 latcre
767 1068 893 1133 censuit
915 1067 1041 1153 Hirzcl,
1071 1091 1165 1156 argu-

152 1180 264 1240 menta
287 1176 400 1239 attulit
423 1174 524 1238 nulla
559 1172 645 1237 Item
666 1194 707 1237 ex
719 1175 899 1238 Aristotele
917 1174 1052 1240 fluxisse
1071 1180 1168 1260 putat

150 1281 243 1347 Diels
271 1278 317 1367 (p.
338 1281 405 1345 489
433 1279 671 1344 dissertationis
701 1280 736 1342 in
759 1279 905 1344 Addend
928 1281 970 1344 ad
992 1303 1023 1365 p.
1042 1281 1103 1368 24,
1124 1283 1165 1347 14

156 1384 323 1473 laudatae)
346 1407 429 1471 quae
450 1387 603 1469 leguntur
621 1407 653 1469 p.
668 1386 698 1465 V,
714 1386 755 1450 12
770 1407 838 1471 sqq.
857 1385 1011 1450 editionis
1029 1393 1167 1454 nostrae

152 1498 185 1558 et
207 1494 345 1557 alterum
366 1491 559 1556 Iamblichei
576 1491 773 1575 Protreptici
796 1497 895 1576 capnt
921 1495 1167 1575 praenunciant.

152 1599 258 1664 Multa
281 1599 411 1683 quidem
433 1599 466 1662 in
485 1597 626 1661 medinm
644 1596 789 1680 proferre
807 1602 955 1681 poteram
973 1600 1166 1666 testimonia

38 1790 41 1795 ,
151 1707 209 1770 ubi
240 1703 329 1788 (cap.
354 1701 452 1790 XXI)
488 1703 527 1766 de
559 1701 723 1786 Symbolis
754 1703 985 1790 Pythagoricis
1018 1704 1167 1789 disputat

151 1809 366 1894 lamblichus;
403 1809 488 1895 quod
521 1831 588 1874 non
619 1809 681 1874 feci
712 1831 754 1873 no
784 1810 953 1896 πάρεργον
985 1813 1089 1896 ἔργον
1122 1811 1167 1890 ὣς

151 1922 326 1982 ποιεῖσθαι
348 1916 483 1982 viderer.

242 2040 369 2107 Indices
396 2040 472 2106 huic
499 2039 636 2106 editioni
659 2040 734 2105 addi
755 2040 846 2105 volui
868 2039 997 2127 du0s²)‚
1024 2043 1165 2109 alterum

152 2151 322 2230 nomicum,
346 2148 521 2231 scriptores
544 2147 736 2230 praesertim
758 2147 963 2229 complexum
985 2169 1067 2231 quos
1082 2148 1165 2214 lam·

152 2255 281 2318 blichus
314 2252 504 2335 compilavit
533 2253 585 2316 rel
617 2251 896 2337 commemoravit,
928 2253 1068 2318 alterum
1100 2277 1165 2320 ver·

153 2359 260 2424 borum
296 2357 332 2420 in
369 2378 464 2440 quem
498 2355 609 2420 omnia
643 2356 759 2441 quibus
792 2357 895 2421 utitur
927 2359 1089 2425 vocabula
1119 2383 1166 2426 re

154 2464 240 2548 cepi,
263 2467 393 2548 praeter
416 2484 499 2547 quas
522 2462 574 2526 vel
596 2463 770 2527 admodum
792 2463 943 2549 vulgaria
967 2470 1091 2551 essent,
1114 2468 1166 2533 vel

228 2693 254 2760 1)
273 2691 324 2746 His
339 2689 481 2746 codicibus
495 2688 595 2743 addas:
615 2694 639 2743 1.
654 2689 714 2745 cod.
725 2689 883 2746 Vindobon.
898 2691 1018 2760 (Nessel,
1031 2693 1118 2750 catal.
1128 2695 1167 2749 IV

153 2799 180 2851 p.
197 2788 213 2836 8
228 2798 268 2849 sq.
288 2780 349 2836 cod.
368 2777 432 2848 XI);
451 2783 476 2832 2.
505 2776 566 2832 cod.
594 2777 752 2833 Monacens.
771 2784 824 2834 392
852 2795 936 2848 quom
963 2783 1168 2837 commemorat

153 2870 235 2935 Rose,
255 2868 339 2924 Arist
357 2868 458 2937 fragm.
477 2865 520 2922 ed.
540 2865 647 2920 Teubn.
665 2884 693 2935 p.
708 2873 756 2934 663
776 2873 800 2922 3.
820 2867 882 2923 cod.
897 2866 1031 2923 Escorial.
1051 2867 1168 2938 (Graux,

154 2957 240 3012 Esset
257 2972 306 3011 sur
325 2957 349 3010 le
367 2956 436 3023 fond
452 2971 515 3025 orec
532 2957 565 3010 de
578 2955 673 3022 l'Esc,
691 2974 718 3025 p.
734 2960 786 3011 265
805 2955 941 3009 Y-I-
953 2963 977 3025 1,
996 2956 1031 3010 ef.
1045 2975 1075 3027 p.
1089 2964 1168 3025 442);

153 3053 179 3101 4.
203 3046 264 3101 cod.
288 3043 399 3099 Taurin.
424 3042 544 3113 (Pasini,
572 3044 655 3098 catal.
675 3045 688 3097 I
709 3062 737 3114 p.
756 3050 808 3100 327
822 3046 885 3114 sq.).
925 3044 962 3099 nt
988 3043 1040 3099 hos
1070 3062 1170 3102 omnes

154 3153 188 3190 ex
213 3152 269 3190 uno
295 3132 391 3190 codice
414 3131 577 3188 Florentino
601 3131 713 3187 fluxisse
738 3131 807 3187 satis
833 3148 972 3202 superque
997 3132 1079 3202 ipsae
1101 3135 1170 3190 Pro·

153 3224 267 3292 treptioi
286 3225 321 3278 et·
338 3223 403 3277 libri
425 3220 520 3291 quarti
538 3220 568 3275 in
586 3221 752 3276 Nicomachi
770 3221 986 3277 Arithmeticam
1006 3222 1169 3293 inscriptio·

153 3326 203 3365 nes
223 3312 383 3368 ostendunt.

227 3404 254 3469 2)
278 3398 311 3451 In
333 3399 429 3453 Indice
451 3397 595 3455 nominum
618 3397 707 3453 latine
729 3396 829 3466 scripsi
851 3413 923 3467 quae
946 3398 982 3452 ad
1004 3400 1172 3456 testimonia

138 3488 331 3552 pertinerent.
366 3486 450 3542 Uncis
468 3486 606 3544 adhibitis
624 3484 749 3541 indicavi
763 3502 835 3554 qnae
849 3502 883 3540 ex
897 3485 1018 3542 Scholiis
1033 3491 1170 3559 excerpsi.
