2400 3930
129 137 173 203 84
539 135 731 192 ιευοοιοσῑ

217 298 319 363 XVII.
346 300 391 363 Εἰ
412 295 450 364 δὲ
469 300 523 364 δεῖ
542 296 597 363 καὶ
621 297 684 363 ἀπὸ
703 309 771 364 τῶν
789 303 941 363 παλαιῶν
963 297 1134 382 λόγωνκαὶ

128 416 195 470 τῶν
219 405 340 490 μύθων
358 415 426 469 τῶν
454 404 553 487 ίερῶν
575 414 643 468 τῶν
665 427 700 468 τε
724 405 835 468 ἀλλων
857 401 913 469 καὶ
936 415 1004 469 τῶν
1029 410 1136 470 Πυθα-

128 514 271 597 γορείων
307 511 496 595 ὑπομνῆσαι
532 513 611 587 τοὺς
643 509 826 587 ἀκούοντας
858 507 912 575 ἐπὶ
945 511 1006 593 τὴν
1043 511 1137 594 αὐτὴν

127 619 351 704 παράκλησιν,
381 617 559 702 ἀρχώμεθα
587 614 642 681 καὶ
668 617 790 681 τούτου
818 616 986 682 ἐντεῦθεν.
1035 617 1136 702 ὀρθῶς

102 723 282 807 ἀλέγονται
311 723 346 788 οί
371 723 514 807 μηδενὸς
542 724 695 806 δεόμενοι
728 721 926 807 εὐδαίμονες
957 717 1058 805 είναι,
1088 720 1136 787 καί

129 831 173 906 ὡς
199 841 267 895 τῶν
295 829 501 915 ἀπεράντους
528 828 673 914 ἐχόντων
701 829 759 904 τὰς
782 827 963 912 ἐπιθυμίας
989 830 1097 906 δεινὸς
1121 829 1135 894 ὁ

128 939 209 1020 βίος.
255 936 296 1001 οὐ
320 936 382 1022 γάρ
406 959 437 1000 τι
460 930 660 1020 θαυμάζοιμ’
687 935 744 1017 ἀν,
773 936 804 998 εἰ
825 933 1013 1018 Εὐριπίδης
1036 938 1135 1018 ἀληθῖγ

129 1043 165 1107 ἐν
192 1044 304 1109 τοῖσδε
336 1041 439 1127 λέγει,
472 1041 579 1126 λε’γῳν
614 1043 673 1118 τίς
710 1039 740 1105 δ’
777 1036 903 1123 οἶδεν,
937 1043 973 1105 εί
1003 1043 1045 1106 τὸ
1079 1045 1137 1124 ζην

128 1148 198 1232 μέν
226 1148 308 1214 ἐστι
337 1155 568 1231 κατθανεῖν,
596 1149 637 1212 τὸ
665 1152 882 1212 κατθανεῖν
911 1144 954 1211 δὲ
978 1150 1061 1231 ζῆνς
1089 1144 1138 1212 καὶ

89 1277 115 1314 10
128 1255 220 1338 ἡμεῖς
242 1263 288 1340 τῳ
313 1257 384 1318 ὄντι
408 1261 487 1330 ίσῳς
509 1252 689 1336 τέθναμεν·
714 1253 778 1336 ἤδη
799 1253 863 1336 γάρ
881 1275 943 1318 του
961 1255 1067 1338 ἔγωγε
1090 1252 1139 1318 καὶ

127 1361 254 1443 ἥκουσα
276 1370 344 1424 τῶν
371 1369 504 1442 σοφῶν,
532 1359 576 1434 ὡς
603 1366 668 1422 νῦν
696 1358 790 1442 ἡμεῖς
815 1356 1001 1442 τέθναμεν,
1029 1358 1138 1425 καὶτὸ

129 1461 190 1549 μὲν
213 1466 307 1550 σῶμά
325 1465 416 1531 ἐστιν
438 1464 518 1548 ημῖν
538 1472 637 1547 σῆμα,
660 1472 717 1547 τῆς
741 1461 778 1529 δὲ
797 1472 904 1548 ψυχῆς
926 1474 1038 1548 τοῦτο,
1062 1456 1139 1553 ἐνῷ

129 1572 304 1657 ἐπιθυμίαι
333 1572 412 1656 είσί,
443 1569 600 1655 τυγχάνει
633 1570 673 1635 ὃν
705 1562 779 1634 οἷον
812 1570 1059 1636 ἀναπεάθεσθαι
1090 1570 1140 1637 καὶ

27 1686 30 1691 ’
129 1683 341 1763 μεταπίπτειν
365 1679 434 1743 ἀνω
457 1678 556 1760 κάτω,
581 1674 758 1742 καὶτοῦτο
783 1677 847 1762 ἀρα
869 1700 919 1752 τις
943 1683 1140 1762 μυθολογῶν

89 1803 115 1845 ιτ
129 1790 256 1872 κομψὸς
293 1786 393 1872 ἀνήρ,
431 1769 510 1860 ίσιος
546 1784 720 1858 Σικελικός
755 1805 805 1859 τις
841 1782 862 1867 ἢ
891 1781 1051 1860 Ἰταλικάς
1086 1809 1140 1866 τις,

128 1895 288 1980 παράγων
309 1899 355 1980 τῳ
380 1891 518 1975 ὀνόματι
542 1892 597 1955 διά
619 1890 657 1954 τὸ
679 1892 830 1954 πιθανόν
857 1887 970 1954 τεκαὶ
994 1893 1141 1957 πιστικδν

129 2001 280 2084 ὠνόμασε
303 2001 423 2080 πίθον,
451 2000 530 2074 τοὺς
558 1993 594 2061 δὲ
617 1995 781 2078 ἀνοήτους
809 1995 989 2079 ἀμυήτους·
1018 1994 1140 2063 τῶνδὲ

129 2106 280 2190 ἀνοήτων
307 2114 405 2170 τοῦτο
433 2114 491 2188 τῆς
517 2113 638 2189 ψυχῆς,
668 2099 710 2168 οὗ
738 2104 775 2167 αί
801 2102 976 2188 ἐπιθυμίαι
1001 2105 1082 2188 είσί,
1109 2105 1140 2168 τὸ

130 2211 314 2277 ἀκόλαστον
338 2211 442 2275 αὐτοῦ
465 2208 519 2275 καὶ
543 2211 584 2276 οὐ
608 2213 781 2294 στεγανόν,
805 2210 849 2286 ὡς
872 2209 1073 2294 τετρημένος
1096 2216 1140 2292 είη

89 2336 116 2375 εο
129 2319 231 2392 πίθος
258 2317 314 2380 διά
340 2317 401 2397 τὴν
431 2315 614 2398 ἀπληστίαν
642 2316 829 2392 ἀπεικάσας.
874 2317 1078 2381 τούναντίον
1107 2318 1140 2399 δη

129 2417 228 2496 οὗτος
250 2431 321 2496 τοῖς
343 2424 478 2496 πολλοῖς
496 2420 690 2505 ἀνθρώποις
709 2423 926 2504 ἐνδείκνυται,
951 2422 997 2498 ὡς
1019 2431 1088 2486 τῶν
1111 2421 1140 2487 ἐι

119 2527 254 2609 Ἅιδου,
284 2527 321 2590 τὸ
350 2522 457 2602 ἀειδὲς
485 2527 526 2609 δὴ
555 2527 676 2612 λέγων,
708 2523 802 2593 οὗτοι
830 2527 1036 2593 ἀθλιώτατοί
1062 2531 1140 2594 είσιι

129 2634 165 2699 οί
194 2634 350 2719 ἀμύητοι,
381 2629 437 2698 καὶ
469 2644 608 2719 φοροῖεν
641 2637 687 2711 είς
715 2636 775 2699 τὸν
807 2632 1009 2720 τετμημένον
1041 2639 1140 2700 πίθοι

128 2741 221 2827 ὕδωρ
241 2740 340 2831 ἑτέρῳ
359 2741 499 2828 τοιούτῳ
512 2739 709 2828 ’τετμημένῳ
728 2743 882 2826 κοσκίνῳ.
921 2740 959 2804 τὸ
980 2738 1018 2806 δὲ
1037 2745 1140 2807 κόσκι·

90 2865 191 2912 νσνον
214 2850 278 2933 ἀρα
304 2847 402 2931 λέγει,
428 2848 472 2924 ὡς
494 2850 558 2932 ἔφη
583 2846 600 2913 ὁ
623 2848 706 2932 πρὸς
729 2844 785 2931 ἐμὲ
808 2849 926 2931 λε’γῳν,
949 2848 1013 2929 την
1035 2850 1140 2934 ψυχὴν

130 2947 228 3019 εἶναι·
251 2956 312 3037 τὴν
336 2950 373 3018 δὲ
396 2955 508 3038 ψυχὴν
530 2957 674 3040 κοσκίνῳ
693 2953 849 3018 ἀπείκασε
871 2954 933 3035 τὴν
955 2964 1025 3019 τῶν
1048 2955 1140 3038 ἀνοή-

129 3084 195 3125 των
215 3060 259 3138 ὡς
272 3058 486 3144 τετρημένην,
505 3061 562 3125 ἀτε
581 3059 622 3124 οὐ
644 3057 836 3143 δυναμένην
854 3057 985 3142 στέγειν
1005 3058 1049 3124 δι’
1074 3060 1140 3125 ἀπι-

129 3178 342 3186 —-·—-----

218 3225 243 3272 4.
262 3236 289 3286 p.
310 3222 354 3285 85,
368 3223 403 3271 26
421 3216 494 3271 Plat.
514 3214 598 3286 Gorg.
617 3235 644 3286 p.
659 3220 711 3270 492
722 3215 836 3270 E-494
845 3215 875 3270 B.

220 3364 252 3411 13
272 3353 305 3411 δν
325 3356 386 3412 οἷον
400 3357 461 3412 PA:
480 3354 578 3429 ὅμοιον
597 3360 606 3428 ΙΙ
626 3363 659 3412 15
678 3359 744 3420 ίσως
761 3357 821 3412 PA:
844 3353 903 3419 ἴσος
920 3359 930 3426 ΙΙ
951 3362 983 3411 16
1002 3353 1140 3426 πεπτικὸν]

128 3427 170 3480 sic
184 3428 198 3496 j)
216 3433 250 3481 22
269 3423 358 3496 ἀηδὲς
375 3431 385 3497 ΙΙ
403 3427 487 3500 εἰσιν]
506 3429 592 3484 immo
612 3425 671 3485 εἶεν
691 3429 737 3499 (cf.
757 3427 854 3498 Cobet,
874 3429 1026 3486 λίσσωμ’
1044 3428 1138 3484 Π138

114 3497 196 3552 εισι.
217 3498 296 3556 νισι,
318 3503 380 3568 121,
398 3501 452 3570 σε).
