2400 3930
75 142 138 208 120
321 192 324 196 .
485 140 674 197 IAMBLIGHI

73 316 166 388 σῶμα
198 305 516 389 καταλαμβανούσαις
546 306 747 389 νοσοκομίας
776 326 813 369 τε
844 301 904 367 καὶ
938 303 1096 387 ἀσχολίας

74 411 304 488 άδιαλείπτους
327 410 537 496 ἐμποιούσας.
909 498 912 503 ⁵

21 524 62 593 κγ’
164 519 211 583 ss>
242 515 278 583 δὲ
311 523 409 583 θεοῦ
439 518 564 583 τύπον
595 518 643 603 μὴ
676 516 867 601 ἐπίγλυφε
895 515 1095 602 δακτυλίῳ

73 626 155 690 κατά
168 626 230 709 την
243 629 488 710 προλεχθείσαν
503 626 639 690 ἔννοιαν
651 629 822 708 προτροπῇ
834 630 956 706 χρῇσαι
966 622 1094 708 τοιᾷδε·

48 752 60 792 5
75 733 254 815 φιλοσόφει
267 728 322 795 καὶ
337 729 532 815 ἀσωμάτους
545 731 610 816 πρὸ
628 730 751 807 παντὸς
763 729 849 813 ῇγοῦ
866 730 978 806 θεοὺς
991 728 1093 814 ὑπάρ

75 856 158 921 χειν·
189 838 227 901 τὸ
259 837 322 922 γάρ
354 836 560 921 κυριώτατον
588 835 712 922 βίζωμα
741 845 808 900 τῶν
837 839 1093 920 Πυθαγορικῶν

76 944 250 1029 δογμάτων
272 937 362 1008 τοῦτ’
389 941 494 1026 ἐστίν,
523 942 556 1021 ἐξ
585 937 626 1007 οὗ
652 942 692 1006 τά
717 940 824 1006 πάντα
847 941 974 1024 σχεδὸν
997 941 1092 1026 ῇρτη-

75 1075 128 1116 ται
155 1034 209 1116 καὶ
237 1046 296 1133 ὑφ’
328 1043 369 1115 οὗ
397 1047 492 1135 μέχρι
523 1046 639 1124 τέλους
665 1047 876 1131 κρατύνεται·
908 1047 954 1130 μὴ
982 1049 1093 1132 νόμιζε

75 1154 112 1221 δέ
145 1165 290 1242 μορφαίς
321 1155 443 1232 αὐτοὺς
474 1159 656 1239 κεχρῆσθαι
691 1153 767 1218 ὅσαι
798 1148 862 1218 είσὶ
895 1156 1091 1237 σωματικαί,

35 1284 60 1321 ιο
74 1258 157 1345 μηδὲ
186 1257 433 1342 προσδεδέσθαι
460 1259 640 1324 ὑποστάσει
667 1258 763 1344 ὑλακῇ
790 1255 845 1324 καὶ
876 1248 952 1324 οἷον
981 1260 1092 1347 δεσμῷ

74 1368 176 1453 ὑλικςό
201 1364 337 1447 σώματι,
362 1363 471 1449 ὥσπερ
494 1366 534 1429 τά
556 1365 640 1429 ἄλλα
665 1368 739 1456 ζῷα.
776 1364 812 1430 αί
833 1360 870 1430 δὲ
893 1362 948 1431 ἐπὶ
974 1367 1093 1431 δακτυ-

74 1475 159 1551 λίοις
181 1467 306 1557 γλυφαὶ
333 1472 393 1535 τόν
416 1492 451 1534 τε
474 1470 598 1555 δεσμὸν
622 1467 667 1536 δι’
695 1471 799 1537 αὐτοῦ
824 1479 886 1537 τοῦ
910 1471 1093 1538 δακτυλίου

76 1580 276 1664 ἐμφαίνουσι
299 1574 353 1642 καί
377 1577 438 1660 τὴν
462 1578 675 1661 σωματότητα
699 1580 737 1642 τά
759 1600 795 1642 τε
813 1577 980 1661 αἰσθητὸν
1005 1572 1096 1656 εἶδος
1108 1598 1140 1641 σε

75 1684 130 1751 καὶ
154 1686 280 1751 ὡσανεί
298 1707 390 1762 τινος
412 1693 479 1748 τῶν
503 1681 555 1749 ἐπὶ
578 1682 700 1770 μέρους
724 1680 815 1773 ζςύων
839 1684 895 1749 διά
912 1693 973 1769 τῇς
992 1689 1095 1768 γλυπ-

36 1814 61 1855 15
75 1802 133 1877 τῇς
159 1794 369 1880 προσόψεως,
397 1785 436 1875 ἧς
462 1788 644 1877 χωριστέον
671 1792 812 1875 μάλιστα
839 1790 876 1855 τὸ
903 1800 974 1855 τῶν
1002 1797 1096 1857 θεῶν

76 1899 173 1984 γένος
196 1900 240 1976 ὡς
263 1898 374 1963 ἀίδιόν
401 1919 437 1962 τε
460 1895 515 1962 καλ
537 1897 660 1982 νοητὸν
682 1894 737 1962 καὶ
760 1896 842 1962 κατδι
867 1896 907 1961 τά
930 1895 1018 1962 αὐτὰ
1040 1895 1098 1962 καὶ

77 2008 233 2083 ὡσαύτως
261 2003 312 2069 ἀεὶ
344 2006 436 2088 ἔχον,
470 2004 514 2080 ὡς
541 2002 578 2068 ἐν
605 2011 650 2091 τῷ
680 2000 765 2088 Περὶ
796 2009 881 2068 θεοῦ
914 2002 1013 2081 ίδίως
1040 2001 1139 2069 καλου

76 2111 282 2197 πληρέστατα
305 2115 556 2195 τεχνολογεῑται.
1126 2116 1138 2134 ·

23 2225 65 2281 κδ’
169 2219 213 2282 Τὸ
234 2214 271 2282 δὲ
289 2218 392 2301 παρὰ
410 2217 557 2300 λύχνον
576 2217 624 2300 μὴ
644 2214 876 2300 ἐσοπτρίζον
896 2219 1099 2303 Πυθαγορι-

36 2345 62 2384 20
75 2326 221 2407 κύντερον
244 2322 466 2404 συμβουλεύει
488 2323 525 2386 τὸ
550 2324 730 2407 φιλοσόφει
747 2322 792 2406 μὴ
810 2320 1030 2408 προστρέχων
1051 2326 1099 2408 μη

75 2440 146 2504 ταῖς
175 2424 245 2490 κατ’
278 2430 438 2508 αἴσθησιν
467 2430 680 2512 φαντασίαις,
714 2429 835 2505 αἵτινες
863 2405 935 2513 φῶς
968 2429 1033 2512 μέν
1065 2454 1100 2496 τι

75 2531 150 2620 περὶ
177 2533 235 2610 τὰς
262 2533 461 2615 καταλήψεις
486 2541 638 2617 ποιοῦσι,
670 2531 860 2620 λυχνοειδὲς
891 2531 1008 2618 μέντοι
1040 2536 1100 2603 κάλ

76 2640 150 2727 οὐχὶ
174 2641 319 2728 φυσικὸν
343 2634 423 2705 οὐδὲ
447 2638 581 2724 ἀληθές,
605 2640 688 2706 ἀλλά
706 2646 833 2726 μᾶλλον
855 2652 927 2718 ταῖς
949 2644 1036 2707 κατὰ
1059 2645 1099 2710 τὸ

75 2750 232 2834 νοητικὸν
251 2748 528 2832 έπιστημονικαϊς,
548 2744 604 2831 ἀφ’
628 2742 676 2813 ὧν
697 2746 908 2833 λαμπροτάτη
926 2769 977 2825 τις
996 2749 1098 2814 εὐαυ-

37 2874 62 2914 25
77 2860 132 2941 γία
151 2854 206 2922 καὶ
226 2854 461 2930 άδιάπταιστος
479 2850 555 2939 περὶ
573 2854 609 2917 τὸ
628 2861 686 2937 τῇς
704 2861 812 2938 φυχῇς
830 2855 919 2938 ύμμα
938 2859 1098 2921 συνίστα-

76 2986 129 3028 ται
147 2986 220 3025 *ν*
239 2961 271 3039 ἐξ
291 2961 447 3026 ἁπάντων
468 2970 535 3023 τῶν
553 2959 729 3043 νοημάτων
748 2957 877 3043 καὶτῆς
896 2957 972 3044 περὶ
991 2971 1097 3028 ταῦτα

75 3071 236 3155 θεωρίας,
265 3061 336 3132 ἀλλ’
364 3066 425 3149 οὐκ
453 3066 578 3131 ἐκτῶν
601 3076 796 3150 σωματικῶν
823 3063 878 3130 καὶ
907 3067 1097 3150 αἰσθητῶν·

78 3175 113 3239 ἐν
142 3184 278 3258 συνεχεῖ
304 3176 368 3259 γάρ
400 3181 503 3237 ταῦτα
531 3171 626 3257 ῥύσει
657 3169 712 3236 καὶ
745 3174 908 3257 μεταβολῇ
935 3176 1095 3251 πολλάκις

77 3289 290 3301 -ι--ι-ῄ-

150 3337 183 3383 10
197 3327 408 3398 προσδεδέσθαι
417 3328 530 3384 Vitelli:
546 3327 756 3398 προσδέχεσθαι
769 3333 778 3400 ΙΙ
794 3335 827 3382 14
837 3324 875 3392 ὡς
888 3323 926 3383 διν
941 3331 973 3385 εί
981 3333 991 3401 ΙΙ
1005 3338 1040 3386 λθ
1055 3331 1092 3386 al-

76 3437 178 3516 teruml
185 3431 225 3503 μὴ
244 3433 466 3514 dplendum1124
485 3411 595 3504 Zunqff'
608 3435 647 3506 (h.
663 3451 687 3490 ε.
701 3437 931 3504 ρτορωῐοτγλοοζ)
945 3438 954 3506 ΙΙ
969 3443 1004 3493 26
1019 3438 1092 3494 lacu·

62 3522 131 3560 υκω
149 3521 272 3576 mgnum.
