2400 3930
356 196 628 255 PROTREPTICUS
648 201 682 268 (c.
696 197 781 269 XXI).
1003 198 1074 262 2117

10 411 20 421 „
41 381 164 444 μενος.
202 355 272 423 ἐπεὶ
290 359 354 445 γάρ
373 362 581 444 σωματότητι
598 357 654 425 καὶ
674 361 802 448 ζςοωδίηι
820 358 875 425 καὶ
893 360 934 426 ού
952 364 1075 445 χοίνικι

45 466 199 550 μετρητή
222 462 313 529 ἐστιν
335 463 493 550 ἡτροφη,
516 466 561 551 μὴ
579 462 693 551 ἠρέμει
714 461 792 550 μηδ’
813 465 959 551 ἀμύητος
977 473 1074 552 φιλο-

47 572 179 656 σοφίας
202 568 355 654 διατέλει,
379 565 453 636 ἀλλ’
474 572 521 649 εἰς
543 571 668 654 ταύτην
691 572 815 637 σαυτὸν
839 573 920 649 δοὺς
943 572 1073 638 ἐκείνου

50 683 185 764 μᾶλλον
197 685 347 762 προνοοῦ
360 686 421 742 τοῦ
439 676 476 743 ἐν
494 675 549 743 σοὶ
567 675 830 764 θεοειδεστέρον,
849 679 869 744 ό
888 678 957 744 ἐστι
973 682 1074 764 ψυχή,

52 781 112 850 καὶ
140 786 228 849 πολὺ
249 785 414 869 πρότερον
439 791 500 849 τοῦ
527 783 565 849 ἐν
589 784 693 870 ταύτη
716 793 795 868 νοῦ,
825 780 873 850 ὧν
900 786 1009 871 τροφὴ
1033 785 1101 850 ούι

54 892 181 976 χοίνικι
203 889 286 956 ἀλλά
308 892 437 977 θεωρίᾳ
459 887 515 956 καὶ
538 893 684 975 μαθήσει
706 902 879 977 μετρεῖται.

10 1002 42 1061 θ’
150 996 196 1061 Τὸ
215 991 253 1060 δὲ
274 995 540 1081 γαμψώνυχον
563 993 687 1081 μηδὲν
709 997 935 1083 παράτρεφε
954 1003 1074 1062 Πυθα-

55 1103 281 1188 γορικώτερον
313 1102 549 1187 συμβουλεύει·
582 1103 786 1186 κοινωνικὸςΙ
813 1107 903 1185 λ’σθι,
937 1104 1074 1186 μεταδο-

14 1229 42 1270 x
56 1210 161 1293 τικός,
189 1204 244 1274 καὶ
271 1210 350 1285 τοὺς
376 1208 498 1285 ἀλλους
523 1208 697 1285 τοιούτους
725 1203 811 1274 εἶναι
837 1209 1073 1295 παρασκεύαζε,

58 1317 191 1382 διδόναι
215 1336 247 1378 τι
268 1311 325 1378 καὶ
348 1311 507 1398 δέχεσθαι
529 1312 726 1397 ἀκακοήθως
746 1313 801 1380 καὶ
819 1315 982 1401 ἀφθόνως
1004 1316 1074 1382 έθί-
1089 1336 1115 1375 10

59 1425 133 1506 ζων,
158 1420 241 1486 ἀλλὰ
264 1421 308 1505 μὴ
326 1420 435 1485 πάντα
453 1415 514 1504 μὲν
532 1421 715 1505 λαμβάνειν
734 1420 916 1506 ἀπλήστως,
941 1424 1075 1489 διδόναι

59 1524 95 1594 δὲ
123 1524 238 1613 μηδέν.
282 1525 304 1610 ἡ
331 1527 394 1612 γάρ
424 1536 492 1591 τῶν
519 1528 754 1612 γαμψωνύχων
781 1531 906 1612 φυσικὴ
940 1530 1082 1615 διοργά-’

58 1650 160 1712 νωσις
181 1636 298 1716 λαβεῖν
321 1629 382 1717 μὲν
404 1633 540 1717 τάχιστα
562 1631 616 1698 καὶ
640 1632 764 1721 ῥηιδίως
783 1635 1074 1720 δεδημιούργηται,

59 1740 193 1825 ἀφεῖναι
217 1735 254 1804 δὲ
276 1737 297 1823 ἢ
321 1739 523 1823 μεταδοῦναι
547 1737 658 1804 οὐκέτι
681 1740 737 1804 διὰ
757 1741 819 1824 την
837 1742 994 1806 ἔνστασιν
1018 1741 1075 1824 ἀγ-

59 1848 169 1913 κύλων
192 1847 301 1911 όντων
325 1855 392 1911 τῶν
416 1844 559 1930 ὀνύχων,
583 1845 623 1911 ὃν
645 1843 844 1931 τρόπονκαὶ
863 1847 1114 1932 αδκρεάγραιω

59 1954 247 2039 πεφύκασιν
274 1952 479 2018 ἐπισπᾶσθαι
501 1948 562 2036 μὲν
590 1952 741 2035 τάχιστα,
770 1951 907 2043 ἀφιέναι
935 1949 971 2018 δὲ
996 1955 1076 2019 δυσ-

59 2070 171 2145 χερῶς,
196 2061 227 2124 ελ
248 2061 293 2145 μή
315 2082 365 2137 τις
387 2060 451 2145 ἀρα
470 2058 705 2144 ὑπερεπικλίνη
726 2059 827 2136 αὐτάς
845 2057 1073 2145 ἀναστρέφων.

60 2171 357 2252 προσαρτηθεισῶν
381 2166 422 2249 δὴ
445 2165 526 2249 ἡμῖν
544 2164 609 2230 ὑπὸ
630 2173 687 2249 τῆς
705 2166 837 2250 φύσεως
855 2177 923 2232 τῶν
941 2178 1074 2252 χειρῶν,

60 2271 112 2337 ’λυοι
142 2269 187 2337 δι’
219 2271 330 2338 αὐτῶν
363 2269 510 2356 διδῶμέν
541 2294 588 2336 τε4
608 2269 664 2336 καὶ
697 2273 870 2356 δεχώμεθα
902 2274 985 2339 κατὰ
1016 2275 1075 2339 τὸν

10 2390 48 2455 λλ
60 2377 259 2449 κοινωνικὸν
280 2379 397 2460 λόγον,
425 2373 480 2441 καὶ
503 2387 571 2442 τῶν
594 2378 768 2444 δακτύλων
792 2378 906 2446 ἁπλῶν
928 2403 998 2458 πως
1020 2378 1076 2446 καὶ
1090 2399 1116 2438 20

62 2484 118 2550 ούκ
142 2482 297 2567 ἀγκύλων
320 2482 434 2559 αύταῑς
456 2487 757 2568 προσπεφυκότων,
788 2486 829 2551 οὐ
856 2487 1016 2571 μιμητέον
1040 2487 1076 2552 ἐν

61 2603 127 2669 τοῖς
149 2590 316 2666 τοιούτοις
336 2590 377 2653 τά
394 2589 601 2674 γαμψώνυχα
619 2588 719 2678 ἑτέρω
743 2594 854 2678 τρόπῳ
874 2594 1077 2678 δημιουργη-

61 2696 162 2764 θένια
185 2695 251 2762 ὑπὸ
274 2704 335 2760 τοῦ
357 2696 559 2778 πλάσαντος,
588 2695 671 2762 ἀλλὰ
698 2702 825 2780 μᾶλλον
852 2696 1076 2780 κοινωνητέον

31 2799 33 2805 ’
63 2802 215 2887 ἀλλήλοις
237 2799 292 2867 καὶ
311 2799 545 2887 μεταληπτέον,
569 2801 858 2889 προτρεπομένους
882 2805 928 2880 εἰς
948 2805 986 2868 τὸ
1009 2827 1075 2869 τοι-

64 2919 160 2975 ούτον
183 2900 240 2974 ὑπ’
267 2908 378 2974 αὐτῶν
403 2918 470 2973 τῶν
493 2910 533 2974 τά
556 2909 702 2994 ὀνόματα
729 2908 930 2994 τιθεμένων,
960 2914 995 2976 οἳ
1014 2912 1075 2994 τὴν
1089 2927 1115 2967 25

65 3015 172 3094 δεξιάν
198 3025 266 3081 τῶν
293 3026 414 3100 χειρῶν
442 3015 655 3099 ἐντιμοτέραν
688 3016 866 3101 ὠνόμασαν
900 3017 940 3082 οὐ
970 3018 1075 3103 μόνον

64 3120 122 3189 ἀπὸ
144 3130 207 3187 τοῦ
231 3119 400 3206 δέχεσθαι,
424 3121 584 3186 ἀλλὰκαὶ
608 3121 672 3208 ἀπὸ
695 3130 756 3187 τοῦ
778 3124 896 3207 δεκτην
914 3122 1075 3208 ὑπάρχειν

65 3227 96 3293 ἐν
109 3235 154 3317 τῷ
173 3229 397 3314 μεταδιδόναι.
433 3227 731 3314 δικαιοπραγητέον
751 3230 826 3315 ἀρα,
847 3231 902 3294 διά
921 3225 958 3294 δὲ
976 3237 1075 3294 τοῦτο

148 3410 166 3458 4
185 3399 405 3458 θεοειδεοτάτου
424 3402 628 3458 Rittershusius
647 3403 683 3456 ad
701 3404 802 3473 Porph.
822 3402 878 3458 vit.
898 3403 979 3474 Pyth.
999 3423 1025 3473 p.
1041 3411 1075 3458 63

66 3471 176 3530 Κοελεεε
195 3473 230 3531 cf.
250 3489 334 3544 supra
350 3493 377 3544 p.
395 3478 436 3543 15,
453 3479 487 3529 14
506 3476 536 3529 et
550 3479 593 3541 36,
609 3475 697 3545 ωηο
716 3473 810 3549 (καὶ)
829 3473 1017 3544 μεταδοτικὸς
1034 3474 1096 3540 m&

62 3567 93 3614 28
108 3562 192 3615 τούτο
209 3578 245 3617 ex
260 3577 358 3632 apogr.
378 3563 472 3620 Paris.
491 3563 532 3622 Kt
552 3557 610 3624 τού
634 3568 683 3640 ότ-
703 3561 835 3636 τούτουη.
