2400 3930
362 123 636 181 PROTREPTICUS
655 127 689 195 (ο.
708 123 793 196 XXI).
1021 128 1083 193 113

55 295 240 374 λεχθεῖσιν
266 282 491 373 Ἡράκλειτος·
528 293 640 374 θυμῷ
673 288 737 370 γάρ
771 304 854 372 φησι
886 291 1094 374 μάχεσθαι’

57 396 253 482 χαλεπόν·
282 393 454 479 ὅτιγὰρ
478 391 524 458 δν
547 394 684 480 χρηίζη
708 396 935 480 γίγνεσθαι,
960 407 1084 482 ψυχῆς
1157 448 1160 453 .

60 499 241 568 ὠνέεται.
286 498 459 565 καὶτοῦτο
479 498 613 583 ἀληθῶς
631 493 716 565 εἷπε·
739 500 857 567 πολλοὶ
870 502 937 587 γδιρ
956 506 1083 588 χαριζό-

11 628 44 669 A.
63 630 165 693 μενοι
187 612 287 694 θυμῷ
311 603 555 689 ἀντηλλάξαντο
578 605 640 688 την
664 603 791 672 ἑαυτῶν
809 609 921 691 ψυχὴν
943 606 998 673 καί
1021 610 1083 674 θοί-

62 735 173 780 υατον
186 714 344 796 φίλτερον
360 709 567 793 ἐποιήσαντο.
604 709 640 775 ἐκ
655 707 691 776 δὲ
705 720 766 776 τοῦ
785 713 936 796 γλώσσης
950 725 1110 799 κρατεῖνε
1181 729 1185 736 ·

63 816 124 886 καὶ
134 813 219 884 εἶναι
231 817 390 902 ἠρεμαῖον
405 815 441 881 ἐκ
454 812 517 901 μὲν
530 817 662 894 νείκους
675 819 824 900 γίγνεται
838 822 933 904 φιλία
944 824 1083 905 σβεννυ-

66 925 172 1011 μένου
186 925 291 1009 πυρὸς
304 929 463 1008 θυμικοῦ,
476 920 531 988 καὶ
546 921 645 999 αὐτὸς
660 923 722 988 οῦκ
735 924 854 1009 όίφραν
868 920 953 991 εἶναι
969 926 1083 1005 δόξεις.

17 1038 49 1095 θ’
161 1030 276 1119 Τοότφ
304 1025 341 1094 δέ
366 1039 596 1114 συμμαρτυρεῖ
615 1026 671 1094 καί
697 1030 735 1094 τὸ
763 1028 848 1113 ἑξῆς·
874 1030 945 1113 την
973 1033 1084 1113 ὀξίδα

10 1158 52 1201 ιτ.
67 1134 336 1224 ἀποστρέφειν
363 1135 436 1201 ἀπὸ
468 1143 627 1201 σαυτοῦ·
661 1136 744 1221 πρὸς
771 1135 812 1202 δν
839 1138 902 1224 γὰρ
933 1136 975 1204 δν
1000 1140 1082 1226 τύχη

66 1241 330 1330 έπεστραμμένη,
361 1241 537 1326 ἐπίληπτος
564 1244 663 1307 ἔσται.
709 1240 765 1307 καὶ
792 1251 891 1309 τοῦτο
919 1247 1082 1331 φρονήσει
1098 1267 1123 1305 ιο

67 1357 215 1438 χρῆσθαι
231 1349 485 1435 παρακελεύεται
507 1345 625 1432 καὶμὴ
643 1350 751 1436 θυμῷ.
794 1351 831 1415 τὸ
856 1348 917 1436 μὲν
940 1353 1003 1437 γὰρ
1023 1351 1082 1430 ὀξὺ

65 1468 124 1542 τῆς
146 1464 264 1542 ψυχῆς,
288 1456 369 1540 ὅπερ
393 1453 507 1538 θυμὸν
529 1459 710 1540 καλοῦμεν,
735 1461 898 1541 λογισμοῦ
920 1456 975 1523 καί
999 1483 1082 1542 φρο-

66 1567 195 1650 νήσεως
213 1560 383 1648 ἐστέρηται
406 1559 469 1646 (ζεῖ
490 1561 553 1646 γδιρ
576 1561 594 1627 δ
618 1562 729 1646 θυμὸς
752 1563 862 1647 ὥσπερ
886 1561 983 1648 λέβης
1001 1564 1082 1650 πυρὶ

65 1665 308 1756 θαλπόμενος),
336 1664 442 1733 οὐθὲν
465 1668 512 1744 είς
534 1668 571 1732 τὸ
595 1670 745 1753 πρόσθεν
768 1671 969 1752 γιγνόμενον
992 1673 1082 1756 μερί-

66 1780 132 1857 ζων
144 1775 170 1859 ό·
181 1775 308 1860 γνώμη.
343 1773 406 1859 χρὴ
430 1768 492 1840 οὖν
512 1772 548 1838 έν
566 1776 707 1859 νηνεμίᾳ
725 1773 925 1838 καθιστάναι
945 1776 1006 1859 την
1021 1787 1083 1854 ev·
1099 1796 1123 1835 15

65 1884 129 1969 χὴν
153 1880 407 1965 ἀποστρέφοντα
432 1879 506 1963 [τὴν
523 1881 647 1964 ψυχὴν]
672 1887 732 1945 τοῦ
756 1884 881 1963 θυμοῦ,
906 1879 1083 1965 ἐπιλαμβα-

65 1992 213 2073 νόμενον
226 1985 347 2052 έαυτοῦ
362 1986 532 2061 πολλάκις·
552 1985 662 2070 ὥσπερ
680 1986 787 2070 <γδιρ>
803 1985 948 2069 ἠχοῦντα
961 1989 1084 2071 χαλκὸν

67 2094 150 2181 ἁφῇ,
172 2090 228 2159 καί
249 2094 288 2159 τδ
310 2092 420 2170 πάθος
443 2087 622 2158 οὖντοῦτο
641 2099 686 2178 τῷ
707 2096 853 2178 λογισμῷ
872 2091 994 2171 πιέζειν
1011 2096 1084 2180 χρη.

36 2201 51 2258 ι’
159 2200 205 2264 Τὸ
234 2195 271 2264 δέ
299 2202 467 2284 φορτίον
500 2196 831 2280 συνανατιθέναι,
865 2205 1084 2282 συγκαθαι-

67 2316 152 2389 ρεῖν
183 2302 225 2371 δὲ
253 2308 317 2391 μή,
349 2306 396 2382 είς
424 2303 583 2389 ἀνδρείαν
609 2302 795 2390 προτρέπει.
841 2313 904 2382 πᾶς
932 2302 994 2390 μδν
1021 2307 1083 2391 γὰρ
1099 2324 1125 2365 ιο

68 2411 308 2496 ἀνατιθέμενος
331 2413 474 2496 φορτίον
496 2413 604 2476 πόνου
626 2408 681 2477 καὶ
700 2410 867 2498 ἐνεργείας
890 2416 1085 2498 σημαίνεται

67 2516 199 2604 πρᾶξιν,
223 2517 241 2583 ὁ
265 2513 302 2582 δέ
325 2516 593 2601 καθαιρούμενος
616 2517 833 2595 ἀναπαύσεως
855 2516 915 2583 καί
932 2518 1084 2602 ἀνέσεως,

10 2635 56 2678 Μ·
69 2625 152 2690 ὥστε
179 2621 235 2690 καὶ
261 2623 299 2688 τὸ
330 2624 502 2707 σύμβολον
528 2624 662 2688 τοιόνδε
690 2626 756 2707 ἔχει
785 2624 1012 2708 ἐπιλογισμόν·
1041 2626 1084 2709 μη

10 2741 57 2786 ῦΚ
68 2733 188 2815 γίγνου
211 2731 292 2814 μήτε
315 2728 403 2816 αὐτῷ
427 2731 508 2814 μήτε
531 2730 620 2818 ἄλλφ
644 2728 812 2814 ραθυμίας
834 2727 889 2793 καὶ
912 2734 1085 2814 μαλθακῆς

68 2836 196 2920 διαίτης
214 2842 332 2912 αῖτιος·
356 2837 450 2923 πόνφ
473 2835 537 2921 γδιρ
560 2843 627 2901 πᾶν
645 2843 754 2920 χρῆμα
773 2834 951 2919 ἁλώσιμον.
986 2836 1085 2921 Ἡρά-
1099 2853 1124 2894 τε

68 2947 180 3008 κλειον
203 2938 240 3007 δέ
264 2942 300 3007 οί
315 2944 549 3026 Πυθαγόρειοι
572 2941 732 3026 έφήμιζον
755 2942 832 3006 τόδε
855 2942 892 3006 τὸ
915 2942 1085 3027 σύμβολον

159 3077 174 3124 1
190 3068 382 3144 Ἡράκλειτος]
401 3073 445 3128 Fr.
462 3078 512 3126 105
532 3091 559 3141 p.
574 3076 607 3124 41
622 3072 696 3141 Byw.

66 3220 70 3228 ·
158 3194 175 3241 2
194 3183 281 3257 χρήζη
303 3188 313 3258 ll
335 3193 352 3242 3
371 3183 489 3243 ὠνέεται
507 3184 674 3241 Vulcaniust
694 3181 806 3242 όνὲεται
828 3190 838 3256 ΙΙ
862 3192 894 3241 15
914 3205 1028 3256 γνωμην
1047 3189 1084 3241 A:

73 3257 236 3346 ‘aliquando
254 3259 310 3341 lesi
329 3254 514 3342 ἐπειγόμενον
533 3253 681 3339 μετριάζον
703 3253 813 3340 γνόμγγ
834 3257 932 3312 Vitelli
951 3260 960 3328 Ι]
980 3262 1012 3312 16
1032 3255 1084 3346 την

71 3339 166 3399 ψυχην
184 3329 277 3384 delen
295 3332 304 3400 ΙΙ
324 3335 356 3385 17
375 3328 429 3399 γδιρ
448 3329 559 3384 addldlt
577 3327 688 3397 v1tell1,
712 3345 760 3396 qm
779 3347 805 3383 v.
825 3333 858 3382 21
879 3331 1010 3398 σημαίνει
1033 3350 1084 3399 την

73 3417 215 3501 ιοτὶρεεήῖ
227 3420 241 3501 ΙΙ,
251 3395 367 3473 ῦοανδέ
378 3417 475 3473 addito
489 3436 526 3499 αν
536 3416 731 3486 compendiose
746 3417 755 3486 ΙΙ
769 3420 803 3469 24
813 3416 905 3489 σαυτῷ
919 3417 965 3472 vel
975 3417 1083 3488 σεαυτῷ

73 3485 276 3544 R1tterehusms
293 3489 329 3544 ad
347 3489 450 3559 Pozph,
470 3487 528 3544 V1t.
547 3488 631 3559 Pyeh.
649 3507 679 3562 p.
693 3487 853 3546 ῦῦΚοεῖοῑ.

99 3584 236 3625 lennem
245 3586 386 3630 Ρκουειετ.
930 3580 952 3628 Q
